3167 4550
1645 360 1724 421 34

1540 544 1765 623 ,θη

736 693 974 761 Cetera
1007 693 1149 780 jam
1193 692 1464 758 actionis
1506 694 1772 757 nomina
1811 692 1878 755 in
1929 691 2362 777 quaestionem
2410 691 2690 754 veniunt.

730 794 770 837 ’¹²
798 790 1123 875 αἵρεσιν
1175 784 1631 881 αιρεῖσθαι.
1779 836 1784 845 -

727 893 869 981 Iph.
911 891 1056 959 Aul.
1107 899 1278 960 1364.
1323 884 1619 973 αἱρεθεὶς
1661 868 1843 956 εκιόν.
1847 880 2180 973 -πονηράν
2223 878 2287 970 γ’
2325 885 2575 972 αι’ρεσιν
2596 909 2789 972 μιαι-

565 992 817 1079 φονεῖν.

727 1084 1257 1177 *προδοσίαν
1311 1087 1799 1173 προδοῦναι.
1958 1134 1962 1141 «

726 1190 869 1258 Hel.
922 1197 1096 1258 1634.
1147 1184 1194 1273 ἥ
1245 1211 1330 1271 με
1378 1182 1784 1272 προύδωκεν.
1839 1179 2043 1274 καλήν
2078 1192 2167 1270 ’γε
2220 1180 2613 1270 προδοσίαν,
2681 1180 2787 1247 δί-

561 1311 723 1354 καια
769 1288 947 1372 δρᾶν.

728 1390 910 1472 Loci,
957 1410 1119 1476 quos
1162 1387 1350 1453 modo
1394 1387 1613 1470 attuli,
1657 1387 1781 1451 huc
1822 1388 1917 1451 ita
1960 1366 2324 1461 recurrunt,
2369 1385 2424 1447 si
2468 1383 2553 1448 ad
2596 1406 2779 1448 accu

566 1491 810 1554 sativos
855 1486 1107 1569 αἵρεσιν
1151 1496 1213 1551 et
1253 1480 1625 1567 προδοσίαν
1662 1485 1868 1550 verba
1910 1484 2371 1571 respondentia
2400 1484 2783 1549 referuntur.

564 1587 934 1653 Lobeckius
994 1586 1082 1664 (d.
1124 1586 1231 1672 fig.
1279 1594 1472 1672 etym.
1528 1588 1568 1666 ξ
1624 1591 1686 1663 6)
1743 1583 2150 1649 substantiva
2203 1605 2359 1647 casu
2411 1583 2780 1647 accusativo

564 1688 779 1774 posita
823 1685 1117 1751 absolute
1173 1686 1346 1750 dicta
1388 1684 1584 1749 habet
1628 1695 1692 1748 et
1735 1681 2300 1762 enuntiationibuS,
2343 1690 2652 1769 quantum
2697 1680 2781 1744 ad

565 1787 1003 1873 appositiones
1049 1787 1295 1868 attinet,
1340 1794 1665 1871 exaequat
1706 1783 1901 1846 hanc:
1956 1783 2104 1858 πῶς
2145 1772 2228 1843 ἄν
2267 1803 2380 1864 μοι
2428 1774 2782 1864 κατεγινῶὲ
2818 1777 2822 1780 ’

564 1905 788 1962 σκετες
841 1879 1131 1969 χαλεπὴν
1183 1877 1594 1965 κατάγνωσιν
1642 1881 1878 1969 (Apoll.
1918 1880 2127 1968 Epist.
2172 1880 2353 1963 XIV,
2401 1886 2562 1960 395).
2647 1879 2782 1942 Nec

564 2007 720 2050 vero
764 1994 911 2070 post
953 1984 1553 2069 interrogationem,
1612 2003 1776 2067 quae
1834 1981 2146 2045 directum
2192 1982 2463 2067 requirit
2515 2002 2778 2066 respon-

564 2106 725 2167 sum,
769 2082 1238 2170 aliquantisper
1278 2081 1695 2167 suspenditur
1740 2082 1968 2162 oratio,
2015 2080 2129 2145 sed
2173 2081 2321 2167 ipsa
2361 2081 2476 2142 τοῦ
2505 2066 2784 2160 καταγι-ἶ

565 2175 881 2265 γνώσκειν
941 2184 1113 2248 notio
1176 2182 1560 2268 repetitione
1625 2190 1910 2265 urgetur.
2010 2179 2120 2244 Sic
2186 2179 2345 2244 locis
2399 2179 2775 2264 Euripideis
2827 2190 2830 2195 ⁴

561 2292 808 2347 tantum
853 2281 1068 2364 abest,
1125 2290 1197 2347 ut
1239 2281 1597 2345 accusativi
1634 2280 1973 2346 intervallo
2019 2289 2394 2366 sequantur,
2453 2292 2522 2343 ut
2566 2280 2776 2374 conci-

561 2382 801 2447 tatione
857 2381 1138 2468 quadam
1208 2381 1405 2444 animi
1465 2382 1672 2444 oratio
1739 2381 1794 2443 si
1848 2381 2057 2444 minus
2116 2382 2643 2466 interrumpatur,
2710 2388 2776 2442 at

562 2480 973 2545 vehementer
1016 2480 1436 2567 excipiatur„
1487 2478 1791 2544 Ceterum
1837 2479 2146 2544 aubvenit
2188 2478 2366 2560 locus
2398 2479 2669 2544 Medeae
2715 2501 2770 2543 v.

561 2585 714 2648 692:
779 2573 1062 2662 πότερον
1122 2572 1434 2659 ἐρασθεὶς
1484 2570 1525 2664 ἢ
1577 2574 1697 2640 σὸν
1754 2572 2087 2662 ἐχθαίρων
2152 2574 2374 2657 λέχος,·
2441 2577 2647 2662 μέγαν
2704 2569 2769 2662 y'

563 2671 793 2758 ἔρωτα.
846 2678 1275 2743 Accusativus
1319 2669 1530 2757 ἔρωτα
1574 2678 1741 2742 enim
1788 2680 1981 2743 etiam
2024 2678 2227 2744 altero
2271 2679 2471 2743 v'erbo
2512 2671 2775 2757 (ἐχθαί-

560 2784 714 2859 ρων)
755 2779 1133 2865 interposito
1174 2776 1279 2841 vel
1321 2777 1533 2862 potius
1579 2798 1723 2840 eam
1764 2778 1973 2862 ipsam
2022 2777 2104 2843 ob
2150 2801 2415 2842 causam
2450 2801 2485 2843 e
2510 2780 2772 2865 partici-

564 2879 671 2964 pio
717 2869 1026 2958 ἐρασθείς
1063 2875 1319 2964 pendet.
1384 2874 1697 2940 Similiter
1730 2878 2207 2963 conjunguntur
2250 2878 2413 2944 haec
2456 2878 2686 2943 verba:

724 2985 1131 3079 *ἄρνησιν
1187 2984 1654 3074 ἀρνεῖσθαι.
2251 2979 2256 2984 ’

723 3093 936 3160 Orest.
987 3097 1136 3159 1591
1187 3115 1280 3179 sq.
1330 3082 1493 3179 ἀρνῇ
1535 3087 1866 3166 κατακτὰς
1906 3082 2075 3179 κάφ’
2108 3086 2295 3176 ὕβρει
2336 3089 2549 3178 λέγεις
2571 3087 2769 3170 wide,-

557 3187 812 3279 λυπράν
852 3213 925 3275 γε
966 3188 1079 3280 τὴν
1128 3183 1413 3277 ἄρνησιν.
1456 3227 1539 3237 -

720 3291 1051 3357 Interdum
1092 3292 1464 3378 Euripides,
1514 3293 1709 3356 etiam
1753 3293 1984 3376 magis·
2006 3300 2077 3356 ut
2117 3303 2371 3379 premat
2425 3281 2768 3378 notionem,

555 3390 876 3457 vocabula
919 3401 1199 3477 cognata
1238 3401 1337 3456 ter
1380 3392 1593 3477 ponit:

723 3501 1085 3594 *κρύψιν
1139 3500 1685 3587 κρύπτεσθαι.

722 3606 952 3671 Bacch.
997 3612 1139 3675 948.
1182 3599 1403 3692 κρύψῃ
1444 3600 1521 3666 σὺ
1565 3597 1816 3693 κρύψιν
1870 3600 1944 3693 ἣν
1987 3627 2060 3671 σε
2111 3609 2492 3695 κρυφθῆναι
2540 3603 2764 3694 χρεών.

557 3706 633 3772 cf.
662 3704 815 3771 Ael.
857 3705 1033 3771 Hist.
1073 3704 1242 3770 Ann.
1284 3705 1363 3787 V,
1407 3710 1463 3771 2.
1504 3698 1762 3794 κρύψιν,
1794 3701 2123 3793 κρύπτειν.

714 3798 995 3883 *δέξιν
1049 3799 1466 3883 δέχεσθαι.

718 3902 863 3991 Iph.
908 3903 1052 3969 Aul.
1108 3909 1281 3972 1183.
1341 3896 1458 3991 ἐφ’
1517 3890 1559 3992 ᾗ
1611 3898 2007 3992 (προφάσει)
2061 3897 2127 3968 σ’
2185 3898 2311 3987 ἐγώ
2361 3901 2475 3968 καὶ
2531 3905 2769 3983 παῖδες

553 3997 621 4066 αὶ
684 3998 1114 4085 λελειμμέναι
1182 3997 1519 4086 δεξόμεθα
1598 4001 1778 4083 δέξιν
1842 3999 1920 4091 ἣν
1991 4020 2064 4067 σε
2144 3999 2472 4083 δέξασθαι
2540 4001 2762 4089 χρεών.
