3167 4550
1430 290 1719 412 3¹-.m'

372 509 724 596 periantur,
769 525 889 568 nec
932 510 1214 566 ceterum
1258 522 1531 601 usquam
1582 501 2074 586 conjungantur,
2116 494 2289 561 unde
2333 492 2595 559 duxerit

372 615 565 694 poeta
629 603 801 668 hanc
866 596 1234 686 analogiam
1299 622 1426 663 non
1483 598 1790 685 intelligo.
1927 595 2183 661 Deinde
2239 617 2394 660 vero
2449 592 2594 658 sub-

371 706 658 771 stantiva
720 701 1195 783 diversissima,
1262 697 1640 781 dummodo,
1710 699 2049 786 disjunctis
2116 694 2362 760 scilicet
2415 691 2595 774 lociS,

369 804 585 870 eidem
627 801 825 867 verbo
882 800 1353 887 adjungantur,
1411 798 1549 861 sine
1595 797 1724 862 ullo
1776 797 2148 861 discrimine
2202 791 2596 860 confundun-

371 914 496 968 tur.
584 902 751 965 Num
795 901 906 982 ita,
953 921 1215 986 quaeso,
1245 897 1752 962 constructiones
1794 896 2019 970 hasce3
2061 885 2248 979 ἀράς,
2291 890 2600 977 βλασφη-

372 995 557 1084 μίαν,
606 993 785 1086 βοήν,
836 993 1055 1082 γόους,
1090 992 1464 1076 θέσπισμα,
1500 990 1758 1077 λόγους,
1795 985 2123 1075 ὀδυρμοὺς
2169 988 2602 1081 φθέγγεσθαι

378 1099 881 1187 θΧΡΗοεὼὶωηε,
948 1106 1020 1162 ut
1060 1097 1146 1162 ad
1199 1098 1481 1183 priorem
1536 1094 1739 1159 hanc.
1803 1090 2082 1180 φθέγμα
2144 1088 2597 1180 φθέγγεσθαι,

379 1223 547 1288 quae
589 1221 901 1286 nusquam
945 1196 1199 1282 legitur,
1246 1204 1509 1260 cunctas
1552 1192 1987 1259 reducamus?

1399 1332 1438 1410 ξ
1490 1337 1579 1394 11.

544 1446 884 1534 Sequitur,
943 1452 1012 1509 ut
1067 1445 1151 1510 de
1208 1445 1380 1510 veris
1439 1443 1712 1508 actionis
1771 1442 2138 1507 nominibus
2189 1442 2603 1506 disseramus.

387 1546 483 1609 Ac
538 1547 823 1632 primum
880 1544 1137 1630 quidem
1193 1566 1272 1608 ea
1324 1543 1512 1608 nobis
1573 1540 1918 1606 tractanda
1976 1551 2153 1624 sunt,
2219 1541 2450 1629 quibus
2496 1549 2609 1604 aut

381 1654 588 1710 motus
646 1651 759 1706 aut
816 1652 1020 1707 status
1087 1644 1267 1707 notio
1327 1646 1519 1707 inest:
1584 1640 1981 1728 respondent
2043 1642 2212 1705 enim
2268 1642 2380 1719 iis,
2442 1661 2608 1726 quae

383 1741 804 1829 paragrapho
850 1742 1147 1827 septima,
1190 1742 1302 1806 ubi
1349 1742 1429 1806 de
1471 1739 1837 1806 nominibus
1884 1741 2092 1804 effecti
2137 1742 2408 1825 egimus,
2460 1761 2607 1825 pag.

388 1850 488 1909 17.
530 1842 1064 1905 enumeravimus
1148 1839 1486 1905 Accedunt
1539 1838 1846 1905 nonnulla
1897 1839 2304 1904 substantiva
2347 1840 2611 1926 proprie

388 1949 726 2022 concreta,
793 1960 960 2026 quae
1016 1960 1134 2025 per
1198 1941 1660 2026 metonymiam
1724 1938 2050 2026 quandam
2112 1939 2437 2004 notionem
2500 1935 2610 2001 ab·

388 2047 700 2104 stractam
746 2047 1152 2125 aeceperunt,
1197 2038 1388 2103 haee:
1432 2032 1611 2115 ὁδός,
1663 2036 1841 2120 ἕδρα,
1892 2039 2128 2113 θᾶκος.

558 2136 925 2202 Discrimen
983 2145 1199 2201 autem
1252 2137 1374 2202 hoe
1424 2136 1566 2202 loco
1634 2136 1994 2201 faciendum
2056 2145 2154 2201 est
2202 2139 2369 2202 inter
2411 2136 2617 2201 verba

392 2237 735 2303 transitiva
787 2245 850 2302 et
900 2236 1329 2303 intransitiva.
1414 2237 1695 2302 Nomina
1748 2238 1919 2300 enim
1975 2259 2014 2300 a
2057 2236 2276 2302 verbis
2332 2236 2629 2301 tramiti--

395 2337 495 2399 vis
542 2336 756 2419 ducta,
788 2339 925 2401 sive
966 2338 1325 2402 transitivis
1369 2338 1505 2401 sive
1547 2338 1975 2401 intransitivis
2020 2336 2239 2402 verbis
2268 2336 2614 2417 adduntur,

392 2456 664 2521 semper,
704 2437 988 2519 nomina,
1038 2458 1203 2522 quae
1244 2458 1284 2500 a
1326 2435 1544 2503 verbis
1603 2437 2033 2501 intransitivis
2068 2435 2273 2516 dueta
2317 2445 2464 2500 sunt
2504 2442 2618 2499 aut

394 2533 473 2596 iis
516 2534 922 2620 respondent,
965 2537 1059 2599 ita
1102 2544 1370 2619 tantum,
1413 2545 1488 2601 ut
1526 2536 1746 2600 verbis
1787 2537 2214 2601 intransitivis
2260 2534 2615 2621 adjungan-

398 2641 521 2713 tur,
566 2631 818 2719 objecta
863 2644 1011 2699 sunt
1049 2635 1374 2700 interiora.
1462 2634 1714 2717 Verba,
1759 2622 1943 2723 quae'
1967 2635 2161 2700 modo
2205 2636 2618 2698 intransitiva

398 2728 591 2795 modo
645 2733 988 2797 transitiva
1039 2742 1468 2820 usurpantur,
1532 2736 1589 2798 si
1629 2756 1775 2799 cum
1815 2736 2005 2821 hujus
2048 2736 2306 2820 generis
2348 2734 2616 2799 nomini-

399 2829 523 2894 bus
590 2831 1100 2916 conjunguntur,
1163 2841 1378 2898 utrum
1421 2831 1546 2897 huc
1601 2844 1938 2898 recurrant
1987 2855 2190 2898 necne
2207 2883 2225 2916 ,
2295 2834 2362 2897 in
2422 2832 2619 2896 dubio
2721 2826 2728 2832 ⁹

397 2929 770 3013 relinquunt
806 2931 906 3008 26).
989 2930 1068 2995 Id
1120 2954 1321 2998 unum
1375 2932 1831 3019 excipiendum
1887 2940 2019 3014 est,
2075 2932 2247 3018 quod
2300 2931 2622 3017 objectum

401 3028 603 3094 verbo
648 3029 1058 3096 intransitivo
1105 3030 1527 3117 respondens,
1565 3022 1909 3096 transitivo
1953 3030 2277 3112 additum,
2323 3032 2380 3095 si
2420 3029 2621 3095 verbo

401 3127 673 3192 alterum
721 3126 1046 3213 objectum
1087 3129 1478 3217 adjungitur,
1524 3152 1781 3216 semper
1827 3137 1925 3194 est
1969 3131 2241 3195 interius
2271 3130 2418 3207 27).

566 3218 859 3312 ἤλυσιν
898 3221 1241 3309 βαίνειν.

565 3326 806 3391 Phoen.
846 3332 985 3394 847.
1067 3322 1158 3403 ὡς
1199 3323 1363 3409 ἐμὸν
1403 3321 1643 3410 κάμνει
1705 3324 1885 3410 γόνυ,
1954 3322 2201 3414 πυκνὴν
2261 3321 2334 3389 δὲ
2375 3319 2624 3408 βαίνων

404 3443 442 3505 ι
412 3410 630 3485 ”λυσιν
667 3418 871 3506 μόλις
910 3428 1112 3508 περῶ.

544 3574 627 3641 26)
660 3581 883 3646 κίνησιν
916 3580 1096 3631 κινεῖν

664 3664 885 3728 κίνησιν
919 3661 1065 3716 ἰέναι
1155 3588 1188 3791 }
1231 3658 1430 3730 object.
1468 3660 1631 3716 inter.

667 3742 804 3799 ὁδὸν
842 3746 988 3800 ἰέναι

666 3823 804 3881 ὁδὸν
838 3834 1015 3884 κινεῖν
1050 3869 1063 3883 .
1096 3871 1108 3883 .
1147 3827 1259 3898 obj.
1297 3831 1466 3882 exter.

671 3905 809 3962 ὁδὸν
845 3909 1116 3966 σπεύδειν
1148 3955 1161 3967 .
1200 3953 1212 3967 .
1247 3911 1375 3966 dub.
1416 3910 1527 3979 obj.

547 3991 631 4056 27)
667 3990 842 4044 velut:
878 3998 1017 4050 κινιῦ
1054 4009 1116 4050 σε
1151 3994 1303 4050 ὁδόν.
