3167 4550
1521 339 1561 399 9

431 520 491 581 ei
511 514 896 600 tribuamus,
924 516 1232 603 intelligo,
1288 518 1611 605 Equidem
1653 519 1855 604 igitur
1892 516 1987 580 sic
2027 523 2243 581 verto:
2288 539 2406 600 „so
2439 515 2644 581 lernst

432 616 523 682 du
565 619 671 682 ein
712 617 1076 683 schlimmes
1122 617 1431 683 Lernen“
1475 617 1535 683 h.
1565 642 1620 683 e.
1652 618 1757 683 die
1784 615 2157 701 Erlernung
2187 618 2364 681 einer
2395 615 2674 680 schlirns

431 739 577 781 men
617 717 998 802 Fertigkeit.
1787 794 1800 802 .

594 817 733 881 Iam
771 818 828 882 si
865 816 1030 881 haec
1071 819 1287 882 omnia
1328 814 1959 902 comprehendimus,
2017 837 2114 897 ea,
2166 837 2358 902 quam
2413 838 2649 901 propo-

434 916 561 980 suit
601 914 1011 981 Schwarzius
1042 918 1110 999 ⁹),
1168 915 1406 1003 objecti
1462 915 1789 979 interioris
1836 914 2122 980 definitio
2163 916 2258 980 ita
2300 914 2460 979 mihi
2503 937 2647 1000 pro-

431 1013 651 1079 banda
688 1014 979 1091 videtur,
1047 1025 1118 1080 ut
1160 1014 1505 1103 adjiciatur
1549 1016 1636 1080 ei:
1695 1014 2016 1101 objectum
2074 1015 2343 1079 interius
2402 1023 2650 1078 certam

435 1137 688 1200 semper
756 1116 1109 1181 effectionis
1163 1115 1348 1180 verbi
1408 1116 1683 1181 formam
1770 1113 2050 1178 denotat.
2180 1113 2365 1194 Quae
2438 1114 2648 1178 forma

434 1222 547 1277 aut
606 1215 757 1301 ipsa
813 1216 1015 1296 actio,
1087 1222 1199 1278 aut
1261 1223 1484 1296 status,
1559 1225 1671 1279 aut
1712 1215 1973 1279 effectus
2023 1214 2161 1277 sive
2202 1215 2469 1299 propior
2510 1215 2648 1278 sive

433 1315 739 1380 remotior
781 1336 923 1379 esse
967 1322 1212 1400 potest,
1268 1337 1389 1378 nec
1429 1336 1587 1378 vero
1631 1313 1783 1390 hoc,
1835 1323 1906 1377 ut
1946 1312 2318 1378 Schwarzio
2373 1312 2650 1392 videtur,

432 1415 618 1501 quasi
644 1436 751 1479 res
786 1412 991 1478 levior
1021 1436 1147 1478 uno
1177 1436 1432 1500 quoque
1472 1411 1617 1477 loco
1663 1414 1967 1493 cernitur,
2012 1411 2127 1476 sed
2168 1435 2261 1476 ex
2305 1414 2388 1498 ip
2408 1433 2493 1476 sa
2519 1435 2648 1476 ra-

435 1512 700 1593 tione,
743 1535 948 1598 quae
990 1514 1203 1576 inter
1249 1512 1849 1576 substantivum
1876 1511 2340 1576 intercedit
2368 1523 2444 1576 et
2471 1534 2649 1576 ver-

434 1610 641 1687 bum,
690 1611 1005 1699 objecti
1041 1612 1477 1677 interioris
1519 1620 1846 1688 natura,
1910 1609 2294 1687 ambituS‚
2341 1633 2650 1695 genera

434 1721 1066 1797 cognoscuntun

1470 1846 1610 1924 §4

601 1941 973 2008 Discrimen
1034 1945 1233 2028 igitur
1290 1944 1458 2007 inter
1519 1944 1849 2008 nominum
1901 1965 2172 2028 genera,
2232 1964 2357 2027 quo
2412 1964 2653 2027 genera

444 2041 830 2123 definiantur
875 2042 1113 2130 objecti
1154 2043 1501 2119 interioriS,
1541 2041 1909 2106 faciendum
1956 2064 2098 2106 esse
2140 2042 2438 2107 vidimus.
2521 2042 2651 2107 Sed

436 2164 520 2205 ne
564 2149 1051 2229 corrumpamus
1094 2141 1351 2206 lectoris
1384 2140 1723 2228 judicium,
1769 2164 1907 2206 rem
1939 2164 2248 2206 summam
2280 2142 2652 2207 differamus

431 2243 500 2307 in
541 2240 765 2307 finem:
823 2240 1124 2329 exempla
1165 2264 1339 2306 nunc
1382 2244 1477 2306 ita
1510 2250 1762 2306 tantum
1820 2239 2272 2327 disponamus,
2331 2251 2403 2307 ut
2459 2265 2650 2330 quae—

435 2342 628 2406 stioni
669 2343 1013 2429 posteriori
1055 2364 1134 2407 ea
1164 2341 1719 2407 accommodemus
1752 2364 2075 2429 quamque
2113 2340 2417 2406 facillime
2447 2345 2651 2428 possi—

433 2462 577 2506 mus
621 2443 1008 2528 perspicere.
1082 2441 1517 2521 Quamobrem
1566 2464 1606 2505 a
1639 2440 2189 2507 substantivorum
2227 2442 2438 2506 forma
2466 2437 2652 2506 nobis

432 2540 850 2626 repetendum
895 2550 1011 2607 est.

600 2639 1063 2705 Thematorum
1107 2663 1250 2704 cum
1297 2639 1547 2705 suffixis
1582 2641 1971 2728 conjunctio,
2014 2662 2142 2724 qua
2171 2640 2653 2706 conformantur

430 2739 726 2819 nomina,
787 2750 1097 2826 quantum
1140 2738 1226 2803 ad
1274 2739 1502 2804 horum
1554 2741 1885 2804 nominum
1931 2739 2464 2824 significationem
2509 2738 2652 2803 atti-

431 2848 559 2920 net,
606 2830 858 2902 tantum
897 2839 1101 2919 abest,
1162 2846 1231 2901 ut
1268 2838 1532 2903 fortuita
1577 2840 1661 2903 sit
1717 2850 2021 2925 certaque
2073 2838 2218 2924 lege
2257 2846 2496 2916 ,careat
2509 2886 2526 2918 ,
2585 2847 2655 2901 ut

437 2935 523 3000 ad
581 2959 873 3001 normam
933 2937 1259 3023 quandam
1298 2938 1507 3024 possit
1571 2936 1788 3022 dirigi.
1882 2938 2199 3003 Homines
2251 2959 2407 3003 vero
2461 2929 2651 3015 docti,

434 3034 668 3123 quibus
730 3058 809 3100 ea
823 3085 841 3118 ,
902 3059 1066 3124 quae
1124 3037 1553 3123 comparatiO,
1621 3046 1693 3099 ut
1736 3038 1947 3123 ajunt,
2002 3037 2368 3121 linguarum
2413 3036 2656 3122 profuit

432 3133 766 3199 literarum
811 3136 1058 3219 studiis,
1103 3146 1215 3201 aut
1255 3135 1538 3201 nondum
1581 3144 1735 3199 nota
1770 3146 1955 3200 erant
1999 3145 2109 3200 aut
2151 3136 2315 3200 tanti
2351 3136 2656 3200 momenti

431 3255 563 3299 non
601 3233 989 3299 videbantur
1006 3284 1024 3317 ,
1068 3245 1139 3300 ut
1177 3237 1247 3300 in
1286 3235 1749 3320 grammaticas
1794 3256 1873 3298 ea
1914 3235 2297 3321 reciperent,
2359 3233 2439 3298 de
2483 3235 2653 3309 suffi7

432 3356 666 3398 xorum
708 3333 1056 3419 generibus
1100 3343 1212 3399 aut
1254 3332 1414 3397 nihil
1459 3341 1571 3397 aut
1615 3354 1848 3419 parum
1893 3343 2071 3397 certa
2129 3333 2655 3421 exploraverunt.

431 3432 784 3497 Praeclara
829 3431 910 3496 de
953 3433 1077 3496 hac
1134 3454 1204 3496 re
1251 3430 1329 3498 Gr.
1377 3422 1590 3498 Curtii
1632 3435 2017 3518 praesertim
2076 3434 2145 3496 in
2203 3455 2283 3497 ea
2339 3454 2655 3497 commen-

431 3533 694 3613 tatione,
739 3536 932 3620 quam
974 3531 1239 3616 scripsit
1279 3530 1360 3595 de
1418 3533 1747 3595 nominum
1794 3530 2196 3598 Graecorum
2249 3532 2653 3614 formatione,

434 3642 580 3697 sunt
642 3633 885 3695 merita.
989 3627 1139 3693 Iure
1198 3637 1345 3693 aute
1406 3631 1509 3694 vir
1575 3630 2050 3696 illustrissimus
2115 3640 2331 3696 monet
2391 3631 2655 3695 minime

438 3753 619 3795 suam
660 3733 888 3817 cuique
931 3728 1161 3793 suffixo
1200 3751 1318 3814 pcr
1355 3750 1423 3792 se
1450 3730 1775 3794 notionem
1815 3729 2313 3796 adscribendam
2339 3753 2498 3810 esse,
2541 3728 2656 3794 sed

433 3828 896 3894 abundantiam
954 3829 1254 3914 primitus
1308 3828 1507 3892 fuisse
1563 3828 1940 3895 suffixorum
2008 3831 2475 3917 significatione
2538 3830 2655 3892 vix

564 3995 618 4062 9)
660 3993 968 4049 Schwarz
996 3994 1033 4048 l.
1072 4010 1116 4049 c.
1155 4009 1283 4064 pag.
1320 3997 1368 4048 7.
1406 3998 1541 4050 extr.
1567 4026 1637 4036 --
1661 3998 1708 4049 8.
1744 3994 2005 4066 Reperies
2040 4011 2162 4049 eam
2196 3995 2252 4049 h.
2281 3993 2374 4048 lib.
2405 4009 2534 4063 pag.
2567 3996 2650 4048 40.
