3167 4550
1573 330 1651 390 14

511 509 681 573 enim
727 507 1134 575 substantiva
1171 517 1476 575 concreta
1508 531 1630 596 per
1655 509 2102 597 metaphoram
2132 504 2235 572 vel
2264 507 2723 596 metonymiam

500 609 826 693 quandam
868 630 989 696 pro
1034 609 1383 675 abstractis
1426 618 1842 696 usurpantur.

1537 763 1683 842 §z

660 891 1105 958 Transeamus
1149 914 1321 957 nuno
1370 892 1456 958 ad
1510 916 1591 958 ea
1629 893 1894 959 nomina
1936 889 2298 974 abstracta,
2356 889 2590 977 quibus
2632 890 2723 974 id,

501 990 673 1077 quod
713 993 916 1057 verbo
962 992 1258 1057 effectum
1302 1001 1429 1075 est,
1476 993 1839 1058 denotatur.
1924 989 2302 1056 Tractanda
2344 1000 2558 1056 autem
2601 990 2725 1056 hae

500 1091 916 1179 paragrapho
974 1091 1162 1156 nobis
1206 1114 1286 1156 ea
1330 1102 1512 1175 sunt,
1572 1114 1739 1177 quae
1784 1088 2167 1156 suffixorum
2206 1111 2342 1170 ματ
2386 1099 2451 1155 et
2492 1111 2560 1165 ες
2600 1113 2725 1177 ope

497 1192 889 1273 formantur,
954 1213 1083 1256 non
1149 1191 1408 1277 quidem
1463 1190 1633 1267 sola,
1692 1190 1807 1255 sed
1856 1211 2018 1254 vera
2068 1199 2131 1255 et
2183 1192 2455 1278 propria
2512 1190 2727 1255 effecti

498 1291 778 1357 nomina.
868 1289 1278 1375 Quamquam
1323 1290 1776 1356 nonnullorum
1818 1287 2198 1372 verborum,
2241 1289 2419 1355 velut
2461 1283 2727 1370 δειμαί-

499 1410 656 1465 νειν,
706 1384 871 1471 ὁρᾶν
918 1389 1243 1474 similium,
1288 1413 1515 1457 verum
1559 1390 1858 1455 effectum
1902 1390 2176 1475 cogitari
2217 1390 2453 1475 nequit.

662 1483 1077 1573 *ὕβρισμα
1122 1483 1521 1574 ὑβρίζειν.

662 1589 925 1655 Heraol.
966 1592 1057 1656 18.
1089 1582 1507 1676 [Εὐρυσθεὺς]
1532 1580 1792 1671 ὕβρισμ’
1829 1583 1899 1664 ἐς
1928 1582 2111 1671 ἡμᾶς
2133 1579 2409 1674 ἠξίωσεν
2434 1580 2722 1670 ὑβρίσαι.

662 1688 752 1752 Et
790 1688 958 1752 hane
1002 1688 1261 1773 quidem
1306 1692 1847 1756 constructionem
1889 1687 2242 1753 verborum
2301 1688 2478 1775 apud
2532 1687 2723 1753 Euri-

500 1787 720 1874 pidem
780 1786 1005 1869 semel,
1058 1785 1218 1851 alibi
1272 1809 1593 1875 nusquam
1646 1791 1892 1876 reperi,
1958 1789 2160 1855 multo
2221 1790 2724 1874 frequentiorem

500 1897 727 1952 eontra
767 1886 937 1951 hano
978 1880 1169 1968 ὓβριν
1209 1877 1502 1969 ὕβρίζειν
1543 1910 1735 1953 sensu
1778 1888 2108 1953 diversam
2149 1896 2379 1975 postea
2405 1887 2723 1953 tractabo.

484 1980 723 2068 ’Ύβρις
763 1988 930 2050 enim
971 1995 1070 2050 est
1114 1985 1442 2072 superbia,
1485 2009 1653 2072 quae
1696 1987 2057 2053 ostenditur
2083 1989 2152 2051 in
2191 1987 2490 2075 aliquem,
2533 1982 2723 2072 ὕβρι-

500 2105 628 2167 σμα
674 2109 803 2150 una
844 2108 1136 2173 quaeque
1179 2087 1438 2173 injuria,
1482 2108 1612 2173 qua
1652 2090 1798 2173 quis
1841 2086 2139 2152 afficitur.

666 2175 1036 2271 *εὕρημα
1091 2178 1524 2269 εὑρίσκειν.

663 2286 798 2353 Ion.
833 2292 1009 2353 1525.
1053 2279 1258 2373 φίλον
1298 2281 1419 2368 μὲν
1442 2275 1558 2349 οὖν
1589 2277 1647 2349 o‘
1681 2280 1955 2372 εὕρημα,
1976 2288 2199 2372 μῆτερ,
2239 2279 2528 2370 εὕρομεν.
2551 2285 2723 2352 Med.

504 2391 642 2453 550.
721 2379 789 2448 τί
844 2378 1032 2449 τοῦδ
1097 2377 1179 2448 ἂν
1250 2378 1480 2472 εὕρημ’
1541 2373 1734 2469 εὗρον
1798 2378 2286 2466 εὖτυχέστερονς
2355 2385 2512 2453 ibid.
2583 2391 2721 2451 711.

503 2478 752 2570 εὕρημα
801 2477 857 2547 δ’
866 2478 986 2548 οὐκ
1049 2473 1240 2549 οἶσθ’
1289 2474 1437 2550 οἷον
1490 2480 1768 2568 εὕρηκας
1803 2481 1981 2562 τόδε.
2022 2487 2184 2551 conf.
2242 2485 2446 2572 Soph.
2487 2482 2725 2572 Naupl.

500 2585 731 2670 fragm.
809 2591 949 2653 396.
1021 2579 1258 2671 εφεῦρε
1327 2588 1646 2666 σταθμῶν
1697 2577 2009 2670 ἀριθμῶν
2076 2580 2338 2669 μέτρων
2374 2577 2723 2672 εὑρήματα.

503 2681 804 2749 Genetivi
848 2685 1111 2771 proprie
1154 2707 1303 2767 non,
1347 2695 1422 2750 ut
1451 2685 1609 2750 dicit
1644 2686 2071 2771 Schwarzius,
2115 2685 2354 2774 objecti
2397 2678 2724 2772 εὑρήματα

503 2782 850 2848 definiendi
893 2805 1092 2848 eausa
1151 2783 1501 2861 accedunt,
1570 2786 1688 2850 sed
1742 2808 1902 2851 vera
1959 2785 2144 2850 verbi
2196 2777 2411 2867 εὑρεῖν
2468 2785 2727 2872 objecta

503 2890 666 2947 sunt.
749 2882 1090 2971 Ejusmodi
1131 2883 1388 2949 dicendi
1458 2886 1629 2950 ratio
1688 2887 1884 2949 etiam
1953 2884 2130 2972 apud
2186 2883 2574 2971 Euripidem
2629 2885 2723 2947 in-

500 2985 755 3047 venitur
794 2982 956 3048 Heo.
1007 3005 1068 3050 v.
1111 2990 1251 3050 247.
1312 2977 1379 3045 τί
1431 2975 1575 3069 δῆτ’
1635 2977 1901 3062 ἔλεξαςς
1955 2981 2230 3047 πολλῶν
2280 2977 2494 3066 λόγων
2546 2975 2721 3068 εὑρή-

495 3102 696 3162 ματα.

665 3178 972 3262 *δεῖμα
1018 3172 1509 3261 δειμαίνειν.

665 3280 836 3357 (Hoc
878 3280 1021 3346 loeo
1050 3280 1321 3346 verbum
1349 3305 1390 3347 a
1416 3283 1676 3347 nomine
1700 3282 2064 3348 derivatum
2093 3288 2237 3359 est.)
2265 3279 2720 3346 Andromach.

502 3385 640 3447 847.
697 3371 835 3444 οὔτ’
885 3369 970 3443 αὖ
1009 3376 1085 3443 τὸ
1131 3381 1238 3443 νῦν
1280 3401 1397 3444 σου
1444 3373 1627 3462 δεῖμ’
1677 3371 1718 3446 ὃ
1762 3375 2121 3463 δειμαίνεις
2161 3373 2329 3465 ἄγαν
2367 3373 2722 3469 (ἐπῄνεσα).

666 3489 703 3523 4*
723 3481 830 3542 θῦ
843 3501 949 3561 μα
992 3473 1144 3548 θῦε
1164 3502 1190 3543 ι
1209 3503 1260 3548 ν.

664 3579 802 3667 Iph.
845 3578 991 3646 Aul.
1039 3585 1179 3646 720.
1220 3574 1437 3656 θύσας
1462 3600 1536 3663 γε
1572 3572 1852 3663 θύμαθ’
1898 3574 2023 3662 ἅμ’
2057 3576 2243 3668 ἐχρῆν
2272 3581 2486 3644 θῦσαι
2514 3580 2723 3656 θεοῖς.

507 3677 720 3759 Quam
764 3682 1048 3745 maxime
1086 3680 1497 3745 sacrificandi
1545 3682 1870 3747 notionem
1919 3691 1990 3745 ut
2039 3690 2293 3768 premat
2334 3690 2549 3768 poeta,
2608 3704 2720 3747 vo-

505 3777 737 3844 cabula
798 3788 1076 3865 cognata
1136 3788 1234 3844 ter
1297 3781 1496 3866 ponit.
1605 3781 1855 3847 Eadem
1920 3782 2171 3846 ratione
2226 3782 2426 3847 utitur
2485 3783 2723 3850 Bacch.

503 3883 641 3947 948.
679 3877 824 3965 Iph.
861 3878 1007 3945 Aul.
1052 3885 1226 3946 1183.

672 3977 857 4044 Conf.
898 3972 1148 4045 Platon.
1190 3978 1331 4046 Civ.
1374 3979 1458 4046 H.
1504 3986 1625 4048 362
1673 3982 1909 4056 θυσίας
1949 3972 2161 4046 θῦειν.
