3167 4550
1595 328 1670 386 10

516 503 967 572 distinctorum
1021 508 1416 596 multumque
1468 507 1555 572 ad
1609 507 1939 573 nominum
1981 507 2485 592 significationes
2534 509 2731 573 inter·

516 605 716 669 fuisse
778 628 1090 690 generum
1148 607 1596 681 differentiam.
1710 656 1747 689 ‚‚
1767 607 2040 689 Postea,
2101 608 2308 694 ipsius
2362 608 2533 671 enim
2588 616 2733 673 utor

517 703 769 787 verbis,
828 705 1202 772 suffixorum
1250 729 1503 794 quoque
1558 729 1714 771 usus
1758 707 1996 771 sensim
2056 706 2293 771 certius
2350 708 2734 772 constitutus

517 803 679 870 est.“
786 805 1015 891 Itaque
1081 805 1204 872 hoc
1272 807 1482 892 posito
1552 815 1747 891 atque
1804 828 2111 872 concesso
2182 816 2361 870 certa
2413 805 2734 893 quaedam

518 903 897 969 suffixorum
925 927 1168 989 genera
1201 904 1553 970 secundum
1583 904 2141 991 significationem,
2180 928 2376 991 quam
2408 906 2735 991 accipiunt

514 1004 776 1069 nomina
815 1003 1068 1070 illorum
1112 1027 1236 1092 ope
1276 1006 1577 1085 formata,
1623 1003 2021 1090 distinguere
2078 1026 2423 1091 possumus
2450 1005 2558 1087 ¹⁰),
2614 1026 2736 1069 nec

515 1125 670 1168 vero
711 1103 899 1169 nobis
939 1101 1086 1190 plus
1130 1125 1209 1167 ea
1251 1105 1579 1168 nominum
1621 1125 1967 1187 eorumque
2010 1101 2484 1168 abstractorum
2526 1112 2735 1189 parte,

518 1202 686 1288 qua'e
726 1203 796 1266 in
837 1204 1245 1290 propositum
1287 1212 1577 1268 nostrum
1623 1200 1918 1288 quadrat,
1943 1200 2366 1288 spectandum
2399 1202 2538 1267 erit.
2570 1201 2737 1268 Sunt

519 1311 734 1368 autem
775 1301 1071 1367 verbalia
1113 1325 1278 1387 quae
1320 1301 1620 1367 dicuntur
1661 1300 1938 1366 nomina.
2004 1300 2103 1366 Ac
2145 1302 2426 1389 primum
2470 1301 2733 1387 quidem

517 1424 614 1478 ea,
664 1400 897 1486 quibus
942 1403 1214 1467 actionis
1242 1404 1417 1467 notio
1450 1402 1640 1477 inest,
1691 1399 2097 1486 segreganda
2130 1410 2277 1465 sunt
2312 1401 2394 1466 ab
2423 1403 2523 1483 iis,
2569 1424 2735 1489 quae

516 1502 811 1566 effectum
853 1502 1126 1565 actionis
1168 1510 1412 1566 notant.
1476 1500 1725 1565 Prioris
1769 1501 2026 1585 generis
2055 1501 2322 1565 nomina
2356 1501 2736 1588 plerumque

515 1600 895 1666 suffixorum
936 1619 1004 1663 σι
1057 1607 1121 1664 et
1157 1621 1249 1681 μο
1279 1601 1356 1678 ¹¹)
1402 1623 1545 1688 ope,
1590 1600 1882 1665 effectum
1928 1621 2093 1686 quae
2138 1598 2502 1686 designant,
2566 1600 2735 1664 suffi-

514 1721 749 1764 xorum
788 1720 921 1778 ματ
960 1707 1025 1764 et
1067 1719 1135 1774 ες
1160 1700 1236 1778 12)
1295 1721 1418 1786 ope
1458 1700 1834 1766 formantur.
1920 1698 2209 1763 Medium
2257 1699 2736 1787 quodammodo

514 1797 728 1863 locum
774 1821 851 1863 ea
895 1798 1301 1864 substantiva
1343 1799 1668 1873 obtinent,
1717 1820 1882 1885 quae
1923 1800 1990 1863 in
2032 1800 2408 1864 universum
2449 1799 2739 1865 indicant

516 1897 703 1963 verbi
745 1899 1063 1963 actionem
1113 1898 1258 1963 effci
1315 1897 1420 1963 vel
1471 1899 1767 1963 effectam
1817 1919 1977 1963 esse.
2072 1897 2198 1962 His
2253 1921 2440 1980 vero,
2504 1898 2736 1986 quibus

518 1996 842 2083 generalis
874 2006 1138 2062 tantum
1177 1996 1365 2062 verbi
1405 1998 1582 2062 notio
1639 1997 1707 2060 in
1753 1995 1985 2079 fixam,
2047 2006 2121 2062 ut
2161 1997 2254 2061 ita
2307 1996 2521 2063 dicere
2563 1997 2737 2065 ‘mihi

519 2094 731 2179 liceat,
776 2095 1164 2162 substantivi
1204 2097 1476 2161 formam
1519 2095 1834 2161 translata
1873 2105 1989 2180 est,
2033 2098 2273 2165 usitata
2312 2105 2459 2162 sunt
2502 2097 2738 2163 suffixa

521 2215 579 2271 0,
631 2216 694 2279 a,
741 2198 817 2281 [η]
847 2198 943 2276 ¹3),
989 2205 1136 2260 sunt
1178 2197 1347 2260 enim
1388 2195 1749 2261 masculina
1787 2194 2109 2259 secundae
2151 2204 2215 2259 et
2254 2196 2564 2260 feminina
2607 2197 2736 2284 pri·

517 2318 662 2360 mae
702 2318 866 2383 quae
910 2295 1143 2361 dicitur
1189 2296 1651 2362 declinationis,
1732 2294 2243 2362 Adnumeranda
2295 2296 2376 2360 iis
2431 2296 2740 2363 nonnulla

519 2395 651 2459 alia
695 2404 872 2479 sunt,
932 2418 1099 2483 quae
1144 2396 1281 2460 sine
1340 2395 1533 2461 ullius
1599 2395 1817 2460 suffixi
1878 2417 2003 2481 ope
2033 2395 2111 2473 1⁴¹)
2173 2417 2257 2459 ex
2316 2396 2466 2480 ipsa
2515 2394 2738 2460 radice

518 2496 876 2581 formantur
891 2542 908 2576 ,
966 2495 1501 2580 significationem
1540 2496 1738 2580 igitur
1779 2493 2021 2560 habent
2074 2493 2249 2558 haud
2290 2494 2502 2559 minus
2546 2516 2736 2581 gene·

517 2593 742 2662 ralem.

684 2725 1000 2806 Quamvis
1044 2736 1258 2792 autem
1300 2726 1523 2812 lingua
1561 2725 1817 2813 legibus
1833 2772 1850 2804 ,
1910 2749 2073 2814 quas
2115 2726 2263 2812 ipsa
2308 2724 2431 2790 sibi
2493 2728 2737 2809 statuit,

516 2835 588 2891 ut
627 2827 1025 2912 astringatur
1071 2849 1199 2892 non
1240 2827 1590 2913 permittat,
1635 2825 1819 2892 nobis
1863 2834 2082 2891 tamen
2125 2833 2341 2890 certae
2380 2824 2560 2911 leges
2592 2836 2740 2891 sunt

521 2924 880 2990 servandae
921 2948 1129 3014 neque
1182 2924 1704 3011 exceptionibus,
1768 2926 1835 2989 in
1900 2947 2062 3012 quas
2122 2923 2382 3010 quidem
2436 2935 2738 2991 accurate

517 3024 923 3090 intendemus
984 3025 1266 3090 animum
1284 3073 1300 3106 ,
1370 3023 1516 3111 plus
1579 3046 1784 3111 aequo
1846 3022 2323 3090 concedendum
2386 3033 2500 3088 est.
2606 3024 2737 3088 Sed

518 3124 682 3189 haec
722 3123 1032 3188 hactenus
1087 3122 1168 3188 de
1208 3124 1537 3192 nominum
1595 3124 1997 3189 formatione.
2080 3123 2268 3187 Nunc
2324 3121 2409 3187 ad
2465 3121 2737 3186 alteram

517 3223 856 3306 rationem,
900 3245 1029 3311 qua
1074 3222 1397 3310 objectum
1434 3224 1705 3289 interius
1749 3222 2166 3290 dividendum
2199 3229 2316 3298 est,
2365 3242 2737 3308 pergamus.

656 3473 742 3541 10)
793 3468 1094 3539 Curtius,
1128 3469 1637 3542 Schulgramm.}§§
1672 3473 1953 3529 341—349.

658 3560 739 3622 11)
786 3556 947 3625 idem,
985 3556 1054 3609 de
1088 3571 1285 3610 nomm.
1323 3553 1423 3611 Gr.
1458 3556 1499 3613 f.
1538 3573 1666 3628 pag.
1706 3560 1787 3612 59.
1826 3559 1904 3610 39.
1947 3553 2200 3623 Schulgr.
2235 3557 2267 3618 5
2301 3555 2415 3609 342.

658 3644 740 3707 12)
786 3640 948 3708 idem,
982 3640 1051 3693 de
1084 3656 1282 3693 nomm.
1319 3638 1417 3696 Gr.
1452 3639 1492 3694 f.
1526 3656 1656 3711 pag.
1693 3644 1773 3694 39.
1810 3656 1890 3709 sq.
1936 3638 2186 3710 Schulgr.
2224 3646 2255 3706 ξ
2287 3640 2402 3692 343.

656 3727 738 3793 13)
780 3723 943 3792 idem,
975 3724 1045 3777 de
1078 3740 1278 3779 nomm.
1315 3721 1412 3779 Gr.
1445 3722 1485 3780 f.
1519 3740 1649 3795 pag.
1684 3726 1750 3779 28
1784 3739 1903 3794 sqq.

655 3810 739 3879 14)
781 3807 926 3864 idem
959 3807 1079 3863 eod.
1113 3807 1151 3865 l.
1175 3823 1306 3880 pag.
1344 3811 1425 3866 27.
