3167 4550
1588 312 1694 419 ‘36

464 580 469 585 -
533 537 1072 625 praestantiores,
1133 538 1349 620 ΑΕΒ,
1425 559 1545 623 pro
1617 536 1836 602 verbis
1908 538 2150 621 πικρὰν
2215 532 2390 602 θέαν
2450 537 2756 606 exhibent

539 630 984 719 δυσδαίμονα,
1039 636 1212 724 quod
1270 646 1491 702 serm
1527 635 1799 701 Kirohh.
1898 637 2173 702 Sensum
2237 639 2330 702 ita
2390 638 2568 704 loeus
2625 661 2755 704 non

530 735 805 822 praebet
843 737 989 818 nisi,
1033 747 1105 800 ut
1145 744 1320 800 reete
1363 735 1521 800 dicit
1562 734 1926 819 Nauckius‚
1973 736 2181 802 deleto
2228 761 2422 803 versu
2463 760 2539 803 eo
2560 786 2578 819 ,
2640 739 2754 824 qui

498 836 835 923 sequitur.
917 834 1124 913 Paulo
1165 834 1394 899 melius
1436 835 1595 899 ferri
1634 844 1845 920 potest
1883 835 2072 902 lectio
2116 836 2301 901 codd.
2345 835 2457 902 BC
2486 836 2596 901 bo:
2638 832 2750 900 τὸν

530 927 840 1015 δαίμονα.
873 936 880 949 ’
925 934 1048 999 Illa
1090 936 1303 1022 prima
1345 955 1501 998 vero
1545 933 1735 999 lectio
1779 930 2057 1017 (πικρὰν
2099 929 2317 1015 θέαν),
2364 957 2752 1023 quamquam

529 1056 604 1099 eo
662 1030 838 1115 Ιοὸο,
900 1057 1025 1124 quo
1083 1056 1185 1120 ap.
1243 1033 1511 1097 Lasear.
1572 1041 1637 1097 et
1693 1032 1840 1099 Ald.
1893 1033 2160 1120 legitur,
2207 1036 2358 1121 jure
2400 1032 2593 1121 pulsa
2635 1043 2750 1117 est,

526 1141 744 1198 tamen
763 1135 1017 1200 -ceteris
1057 1131 1204 1219 plus
1246 1131 1442 1197 habet
1503 1130 1739 1197 eoloris
1789 1132 2163 1219 Euripidei3
2218 1132 2639 1218 quamobrem
2684 1133 2753 1197 in

527 1232 745 1297 multis
788 1232 1182 1299 editionibus
1226 1254 1310 1297 ex
1355 1230 1768 1316 sequentibus
1808 1231 2104 1296 versibus
2136 1231 2261 1297 huo
2289 1232 2605 1297 translata
2635 1241 2751 1297 est.

687 1337 722 1375 ²⁸
752 1324 1169 1412 ἁμαρτίαν
1225 1320 1767 1412 ἁμαρτάνειν.

690 1430 894 1519 Hipp.
951 1437 1087 1499 320.
1172 1424 1432 1515 Θησεύς
1494 1421 1623 1492 τιν’
1686 1421 2049 1514 ἡμάρτηκεν
2108 1421 2204 1506 εἷς
2262 1425 2323 1492 σ’
2387 1423 2750 1513 ἁμαρτίαν,

527 1530 721 1616 Soph.
763 1530 929 1597 Phil.
983 1537 1153 1598 1248.
1199 1522 1528 1610 ἁμαρτίαν
1571 1520 1845 1610 αἰσχρὰν
1875 1521 2183 1611 ἁμαρτὼν
2209 1521 2567 1610 ἀναλαβεῖν
2596 1548 2750 1592 πει-

522 1621 833 1711 ράσομαι.
899 1628 1099 1707 (Plat.
1153 1628 1352 1713 Gorg.
1405 1632 1552 1696 526:
1625 1620 1864 1709 ἰάσιμα
1923 1622 1966 1690 ἆ
1980 1650 2031 1710 μ
2049 1650 2092 1691 α
2110 1651 2147 1711 ρ
2161 1622 2249 1716 τή
2260 1650 2309 1710 μ
2325 1651 2368 1690 α
2380 1650 2417 1691 τ
2430 1651 2472 1691 α
2532 1621 2750 1713 ἆμαρ·
2849 1692 2860 1701 ,

522 1728 702 1805 τεῒν.)

688 1817 974 1913 ὄνησιν
1013 1820 1509 1907 τέρπεσθαι.

687 1925 903 1992 Orest.
953 1932 1124 1994 1042.
1164 1920 1418 2009 τέρπου
1460 1920 1645 2011 κενὴν
1688 1916 1945 2009 ὄνησιν,
1997 1916 2057 1988 εἰ
2096 1922 2378 2009 τερπνὸν
2418 1920 2573 1989 τόδε
2610 1924 2745 1992 κτλ.

524 2024 881 2111 Sophocles
926 2025 1219 2112 cognatis
1246 2023 1580 2090 vocabulis
1610 2026 1853 2092 utitur.
1899 2025 2131 2089 Teuer.
2158 2025 2235 2090 fr
2268 2032 2388 2093 516
2418 2025 2747 2104 (Nauoka)
2824 2096 2828 2099 ,

520 2146 611 2199 ως
655 2115 766 2206 ἄρ’
775 2168 793 2201 ,
842 2114 896 2187 ὦ
935 2119 1184 2207 τέκνον,
1227 2120 1418 2210 κενὴν
1459 2118 1826 2209 ἐτερπόμην
1854 2125 1976 2186 σοῦ
2002 2119 2239 2208 τέρψιν
2265 2115 2744 2206 εὖλογουμένου

519 2216 606 2299 ὡς
649 2218 742 2302 ζω
747 2245 912 2308 ντος,
959 2223 1074 2290 ubi
1117 2222 1376 2290 additur
1419 2224 1759 2310 genetivus
1805 2245 2139 2309 personae.

1536 2443 1579 2523 g
1628 2446 1729 2509 13.

687 2590 900 2678 Saepe
941 2592 1135 2657 etiam
1180 2591 1524 2678 adjectivis
1569 2599 1633 2657 et
1674 2591 2165 2678 pronominibus
2208 2593 2529 2682 objectum
2586 2597 2744 2659 inte-

519 2694 654 2756 rius
680 2692 868 2766 inest,
920 2691 1015 2754 ita
1042 2713 1219 2768 vero,
1264 2699 1335 2754 ut
1372 2689 1593 2755 verbis
1630 2692 1895 2777 proprie
1925 2692 2355 2758 intransitivis
2385 2693 2741 2781 adjungan-

514 2799 638 2856 tur.
722 2788 831 2854 Ad
873 2789 1216 2855 transitiva
1258 2788 1463 2855 verba
1508 2788 1680 2876 quod
1724 2790 1986 2873 attinet,
2034 2814 2166 2856 una
2204 2792 2381 2858 valet
2423 2796 2742 2881 exeepti0‚

517 2887 597 2953 de
640 2909 769 2973 qua
811 2889 1029 2952 statim
1086 2897 1332 2974 agetur.
1426 2887 1775 2975 Adjeetiva
1831 2891 2002 2955 enim
2065 2889 2180 2955 illa
2236 2901 2310 2957 et¹
2357 2894 2742 2979 pronomina

515 2993 626 3053 aut
666 3009 905 3074 genere
961 2995 1025 3052 et
1077 3009 1344 3052 numero
1400 2985 1696 3051 indicant
1752 2989 1966 3074 ipsum
2007 2989 2329 3078 objectum
2384 2993 2446 3059 h.
2493 3016 2546 3059 e.
2595 2992 2740 3058 sub-

517 3088 866 3164 stantivum
912 3108 1054 3152 esse
1112 3088 1456 3168 omissum,
1507 3095 1621 3151 aut
1672 3095 1902 3152 neutra
1956 3088 2294 3156 indefinita
2336 3101 2483 3158 sunt
2525 3094 2735 3178 singu·

513 3186 670 3252 laris
714 3185 818 3252 vel
859 3185 1130 3274 pluralis
1171 3187 1443 3252 numeri.
1528 3185 1617 3250 Et
1643 3187 1860 3272 priore
1894 3187 2200 3272 quidem
2182 3213 2250 3253 1n
2277 3200 2482 3276 parte,
2528 3202 2737 3256 utrum

511 3286 922 3352 transitivum
986 3286 1071 3350 sit
1133 3284 1406 3351 verbum
1477 3308 1560 3350 an
1631 3287 2134 3363 intransitivum,
2201 3290 2363 3355 nihil
2432 3294 2742 3356 momenti

514 3387 718 3451 affert.
827 3385 1029 3472 Cujus
1098 3386 1357 3471 generis
1423 3383 1724 3471 exempla
1786 3385 2003 3473 apud
2030 3387 2416 3476 Euripidem
2486 3389 2736 3457 desunt.

507 3482 740 3549 Aeseh
765 3483 1000 3575 Agam.
1049 3489 1242 3551 1345·
1286 3475 1464 3565 ὤμοι
1505 3475 1677 3566 μάλ’
1726 3474 1958 3569 αυθις,
2007 3483 2315 3573 δευτέραν
2351 3483 2739 3572 πεπληγμέ-

510 3604 636 3659 νος.
700 3582 899 3670 Soph.
946 3583 1053 3649 El.
1116 3590 1300 3650 1415.
1346 3584 1629 3662 παῖσον,
1699 3577 1759 3648 εἰ
1816 3579 2103 3662 σθένεις,
2150 3584 2421 3674 διπλῆν.
2487 3588 2736 3654 Neutra

508 3681 844 3746 indefinita
880 3683 1079 3749 multo
1130 3684 1392 3771 saepius
1435 3684 1825 3751 adhibentur
1848 3686 1950 3764 29).
2038 3686 2226 3768 Quae
2269 3695 2380 3752 aut
2433 3710 2572 3754 rem
2626 3688 2733 3754 de-

508 3790 767 3864 notant,
821 3781 908 3847 ad
948 3805 1146 3872 quam
1185 3785 1464 3870 pertinet
1504 3784 1694 3850 verbi
1746 3784 1945 3868 actio,
1998 3795 2111 3851 aut
2167 3787 2486 3852 actionem
2541 3787 2728 3855 verbi

642 4035 729 4099 29)
789 4030 1102 4099 Curtius,
1140 4029 1538 4101 Schulgramm.
1575 4039 1608 4100 ᾖ
1641 4035 1758 4091 401.
