3167 4550
1484 341 1564 404 35

412 521 859 587 Kirchhoffius
890 518 1421 587 antecedentibus
1436 520 1846 587 commutatis
1859 508 2243 599 versibMt-
2235 524 2359 589 180
2373 526 2439 584 et
2461 527 2489 585 1
2506 526 2642 600 181)

414 623 916 688 enuntiationem
960 620 1303 687 relativam
1349 620 1444 685 ita
1483 621 1779 704 mutavit,
1822 628 1894 685 ut
1932 619 2246 707 pendeat
2227 618 2633 691 vmrsuboean·

411 724 543 788 tivo
585 715 857 803 μισθός.

578 820 1069 887 Substantivum
1132 810 1334 900 σ’ψις,
1415 819 1683 906 proprie
1748 818 2010 907 quidem
2086 819 2302 906 ipsam
2375 772 2646 905 videndi,

415 923 765 1002 actionem,
841 943 1038 1008 saepe
1114 919 1290 985 idem
1370 919 1700 1003 significat
1774 927 1969 1003 atque
2045 912 2390 1005 πρόσοψις
2460 920 2522 987 h.
2588 928 2640 987 e'.

416 1029 738 1106 aspectus,
779 1020 962 1084 visus
1006 1041 1127 1084 nec
1169 1041 1320 1083 raro
1361 1016 1638 1083 similem
1685 1016 2077 1084 substantivi
2119 1012 2352 1101 θέαμα
2396 1021 2638 1106 signifi·

415 1121 731 1194 cationem
768 1119 1026 1205 accipit.
1137 1117 1318 1182 Idem
1373 1119 1442 1182 in
1496 1116 1970 1183 substantivum
2032 1111 2169 1181 θέα
2224 1119 2416 1186 valet.
2515 1120 2639 1187 Lo-

416 1217 685 1283 beckius
728 1216 769 1284 l.
814 1239 868 1283 c.
927 1240 1078 1304 pag.
1135 1224 1251 1284 511
1323 1240 1416 1304 sq.
1480 1216 1689 1282 multa
1752 1217 2054 1304 exempla
2114 1217 2337 1302 affert,
2405 1218 2638 1306 quibus

280 1364 283 1367 -
412 1318 674 1384 nomina
716 1311 854 1379 θέα
899 1324 965 1380 et
1006 1308 1173 1403 ὄψις
1243 1316 1628 1403 saepissime
1700 1315 1836 1381 ide
1855 1340 1923 1381 m
1995 1315 2366 1402 significare
2444 1327 2638 1405 atque

414 1411 647 1498 θέαμα
679 1415 1093 1482 demonstret.
1139 1414 1334 1496 Quod
1375 1425 1591 1481 utrum
1627 1415 2110 1482 concedendum
2152 1416 2236 1481 sit
2279 1438 2363 1481 an
2407 1415 2631 1483 discri-

413 1540 596 1600 men,
666 1516 964 1604 quamvis
1038 1513 1276 1581 subtile
1347 1514 1669 1599 obtineat,
1726 1516 1849 1581 hoc
1902 1515 2045 1581 loco
2089 1514 2458 1603 disceptare
2499 1516 2635 1583 lon·

411 1641 566 1703 gum
609 1626 724 1682 est.
785 1614 948 1702 Ejus
979 1613 1297 1695 modorei
1322 1617 1711 1681 mentionem
1737 1616 2020 1697 fecerim,
2065 1615 2238 1700 quod
2262 1615 2636 1684 Lobeckius

410 1718 451 1784 l.
496 1739 550 1783 c.
590 1717 735 1803 ipse
782 1715 970 1779 affert
1011 1712 1386 1781 Herodiano
1427 1714 1641 1780 locum
1683 1721 1766 1798 (3,
1812 1720 1850 1783 8
1893 1736 2045 1800 pag.
2089 1719 2198 1797 68,
2243 1717 2382 1795 31):
2452 1707 2637 1781 εἴδο-

410 1837 533 1898 μεν
576 1808 748 1890 θέας
790 1810 1172 1896 θεαμάτων,
1236 1837 1356 1900 pro
1401 1836 1526 1899 quo
1569 1814 1927 1879 rectissime
1984 1812 2114 1879 dici
2169 1825 2381 1900 potest
2438 1807 2638 1903 ὄψεις

413 1907 795 1995 θεαμάτων,
839 1913 955 1978 sed
996 1914 1152 2001 quid
1196 1923 1346 1979 sunt
1378 1906 1701 1995 θεάματα
1729 1906 2160 1996 «θεαμάτωνῖ

574 2013 775 2101 Apud
817 2012 1200 2099 Euripidem
1258 2012 1667 2079 substantiva
1726 2003 1895 2100 ὄψις
1944 2009 2330 2102 (πρόσοψις)
2383 2026 2448 2082 et
2500 2012 2636 2083 θέα

410 2115 598 2181 varia
641 2113 1109 2197 significatione
1145 2114 1568 2223 reperiuntur.

576 2207 999 2299 πρόσοψιν
1051 2203 1282 2279 ἰδεῖν.

577 2314 791 2381 Orest.
842 2318 1014 2381 1020.
1057 2302 1150 2388 ω’ς
1187 2300 1256 2375 o‘
1303 2304 1518 2376 ἶδοῦσ’
1547 2303 1685 2377 έν”
1646 2335 1904 2396 ομμασι
1928 2307 2346 2402 πανυστάτην
2378 2310 2632 2400 πρόσο-

413 2424 538 2503 ψιν
577 2408 838 2498 ἐξέστην
875 2413 1152 2497 φρενῶν.

577 2504 776 2601 ῗίψιν
817 2504 1045 2576 ἰδεῖν.

578 2611 715 2699 Iph.
759 2611 959 2677 Taur.
1010 2616 1143 2679 149.
1192 2609 1342 2674 οἵαν
1384 2603 1628 2693 ἰδόμαν
1670 2602 1838 2700 ὄψιν
1881 2604 2151 2697 ὀνείρων
2192 2610 2438 2693 νυκτός.

577 2701 785 2794 ’όψιν
824 2704 1518 2793 προσδέρκεσθαι.

575 2808 720 2875 Hel
764 2814 903 2877 558.
946 2802 1047 2885 τίς
1091 2798 1185 2887 εἷς
1247 2802 1372 2873 τίν
1432 2803 1600 2899 όψιν
1640 2806 1780 2900 σήν,
1836 2806 2046 2896 γύναι,
2088 2809 2592 2899 προσδέρκομαι
2606 2841 2629 2896 ,-

410 2909 754 2998 Appositio
798 2912 1080 2974 cernitur
1121 2909 1299 2976 hisce
1337 2910 1534 2978 locis:

575 3000 777 3095 σ’ψιν
831 2998 1225 3073 λεύσσειν.

576 3107 814 3174 Bacch.
866 3114 1040 3176 1221.
1082 3101 1333 3172 λεύσσω
1379 3105 1502 3192 γὰρ
1548 3101 1767 3198 αὐτήν,
1819 3100 1987 3199 ὄψιν
2030 3102 2147 3176 οὐκ
2186 3103 2578 3195 εὐδαίμονα·

577 3200 776 3295 οψιν
831 3200 1170 3292 εἰσορᾶν.

576 3308 788 3374 Orest.
847 3315 997 3392 717,
1036 3300 1207 3370 ·άλλ’
1274 3300 1514 3393 εἰσορῶ
1568 3304 1691 3392 γὰρ
1747 3301 1939 3371 τόνδε
1994 3302 2316 3396 φίλτατον
2374 3314 2630 3395 βροτῶν

412 3401 732 3493 Πυλάδην
773 3400 997 3492 δρόμῳ
1042 3402 1376 3487 στείχοντα
1426 3399 1786 3473 Φωκέων’
1756 3399 1918 3485 α’πο,
1962 3402 2191 3494 ἡδεῖαν
2232 3400 2420 3495 όψιν.

579 3506 890 3593 Superest
933 3506 1135 3591 locus,
1181 3507 1263 3574 de
1306 3531 1435 3597 quo
1461 3509 1669 3574 fusius
1707 3507 2064 3610 disputavit
2088 3508 2457 3576 Lobeckius
2496 3510 2540 3577 l.
2573 3535 2629 3579 c.

411 3609 452 3687 ἓ
497 3613 552 3672 4.
595 3607 767 3672 init.-

577 3699 783 3768 θέαν
823 3697 1056 3772 ἰδεῖν.

575 3802 779 3891 Hipp.
825 3812 961 3875 804.
1009 3797 1278 3870 ἔκλὺεθ’
1328 3799 1611 3890 ἆρμούς,
1669 3797 1761 3882 ὡς
1812 3797 1939 3870 ι’δω
1999 3803 2247 3891 πικρὰν
2287 3800 2457 3871 θέαν
2513 3827 2627 3891 γυ-

412 3895 659 3979 ναικός,
704 3895 744 3989 ἤ
785 3926 869 3985 με
913 3900 1322 3970 κατθανοῦσ’
1371 3899 1733 3970 ἀπώλεσεν.

574 4001 830 4069 Revera
870 4015 1081 4071 autem
1126 4007 1486 4093 suspitione
1530 4030 1661 4076 non
1717 4015 1913 4074 caret.
2011 4005 2102 4072 Et
2153 3949 2309 4073 libri
2363 4005 2623 4095 quidem

2134 4105 2204 4159 3*
