3167 4550
1613 326 1651 388 8

531 509 769 573 buatur
813 504 1367 593 conjunctionibus
1415 504 1763 571 verborum
1822 529 1970 571 cum
2027 507 2417 572 accusativis
2472 507 2751 596 objecto-

532 631 695 688 rum,
755 628 922 689 quae
965 607 1113 691 ipsa
1168 604 1356 670 verbi
1413 606 1661 671 actione
1710 607 1850 692 jam
1903 607 2371 673 contineantur.
2471 607 2754 672 Nomina

534 716 748 771 autem
792 705 905 770 illa
946 704 1301 770 secundum
1341 706 1680 785 rationem,
1724 727 1889 792 quae
1931 707 2099 769 inter
2128 727 2207 769 ea
2233 715 2296 769 et
2323 704 2528 770 verba
2555 707 2749 779 inter-

534 805 705 870 cedit
723 851 738 880 ,
809 814 1111 870 accurate
1173 802 1631 888 distinguenda
1686 812 1852 869 sunt.
1954 804 2371 870 Manifestum
2430 805 2596 869 enim
2656 813 2756 869 est

532 903 752 969 verbis
790 898 1060 989 πλήσσω
1102 896 1356 988 πληγήν
1384 902 1580 967 aliam
1609 901 1848 990 objecti
1874 904 2201 969 interioris
2232 903 2512 990 speciem
2542 904 2755 967 inesse

533 1015 725 1089 atque
769 1004 988 1070 verbis
1029 995 1310 1084 πλήσσω
1374 999 1646 1087 πλῆξιν,
1711 1004 1804 1068 ita
1866 1004 2036 1068 enim
2054 1051 2072 1085 ,
2142 1012 2212 1066 ut
2281 1000 2755 1067 substantivum

535 1101 752 1190 πληγή
793 1102 881 1185 id,
929 1102 1104 1189 quod
1143 1100 1434 1166 feriendo
1480 1101 1775 1183 efficitur,
1820 1100 2058 1188 πλῆξις
2116 1112 2341 1168 contra
2396 1103 2609 1188 ipsam
2665 1103 2753 1167 fe·

533 1203 745 1269 riendi
789 1204 1110 1267 actionem
1155 1200 1434 1266 denotet.
1522 1199 1654 1265 Sed
1683 1223 1792 1286 ,ne
1836 1204 1979 1290 quis
2022 1203 2181 1267 mihi
2223 1202 2490 1290 objiciat
2534 1206 2754 1267 secun·

536 1303 707 1384 dam,
753 1324 948 1389 quam
994 1299 1201 1382 attuli,
1246 1301 1788 1366 constructionem
1830 1301 2025 1388 plane
2079 1324 2207 1367 non
2259 1311 2520 1368 exstare
2542 1304 2613 1385 8),
2671 1300 2757 1366 ad

536 1403 775 1468 similia
819 1399 1120 1485 exempla
1160 1421 1263 1463 me
1288 1407 1681 1464 convertam.
1770 1399 2174 1465 Schwarzius
2206 1403 2575 1487 promiscue
2604 1424 2755 1466 enu-

534 1512 741 1567 merat
781 1501 978 1565 hasce
1017 1497 1366 1565 verborum
1411 1499 1868 1585 nominumque
1924 1501 2465 1567 constructiones:
2524 1496 2757 1588 τέρψιν

527 1597 933 1688 Δτέρπεσθαι,
982 1592 1220 1662 πάθεα
1245 1593 1542 1676 πάσχειν,
1591 1600 1865 1682 πρᾶγμα
1896 1593 2237 1681 πράσσειν,
2284 1599 2518 1687 quibus
2548 1600 2756 1665 diver-

418 1722 427 1730 ·
537 1704 796 1768 sissima
833 1702 1000 1764 inter
1046 1722 1115 1764 se
1158 1698 1709 1764 substantivorum
1753 1722 1995 1786 genera
2029 1700 2456 1765 continentur.
2545 1699 2756 1785 Signi-

533 1802 688 1866 ficat
733 1802 904 1865 enim
944 1795 1180 1886 τέρψις
1222 1797 1589 1864 delectandi
1629 1800 1977 1883 actionem,
2032 1792 2266 1874 πάθος
2304 1797 2575 1880 malum,
2634 1821 2759 1885 quo

537 1902 680 1989 quis
722 1899 997 1977 laborat,
1040 1899 1318 1983 πρᾶγμα
1357 1896 1446 1979 id,
1491 1897 1664 1984 quod
1707 1897 1893 1963 verbi
1939 1893 2255 1982 πράσσειν
2292 1899 2545 1963 actione
2574 1898 2758 1963 effec—

536 2010 674 2065 tum
714 2009 831 2065 est.
917 1998 1162 2079 Quanti
1205 2006 1420 2063 autem
1462 1998 1689 2083 ipsius,
1737 2019 1932 2084 quam
1974 2007 2364 2080 tractamus,
2420 1998 2517 2061 rei
2565 1999 2759 2062 inter-

538 2101 656 2181 sit,
715 2097 904 2183 quale
966 2096 1248 2185 quidque
1303 2095 1660 2162 habeamus
1718 2095 2188 2163 substantivum
2206 2146 2224 2179 ,
2283 2105 2513 2183 postea
2568 2099 2760 2162 etiam

538 2199 748 2285 magis
823 2195 1114 2262 elucebit.
1234 2195 1422 2260 Nunc
1497 2195 1625 2260 duo
1718 2196 2045 2283 prioribus
2131 2196 2370 2261 addam
2440 2195 2761 2285 exempla.

539 2298 946 2365 Schwarzius
1013 2298 1258 2383 pagina
1322 2296 1573 2362 decima
1634 2298 1935 2363 continuo
2002 2298 2184 2383 ponit
2255 2298 2762 2363 constructiones

535 2391 822 2483 μάθημα
862 2397 1115 2477 μαθεῖν
1147 2405 1211 2460 et
1249 2389 1555 2479 μάθησιν
1598 2390 2062 2477 ἐκμανθάνειν.
2142 2396 2230 2461 Et
2258 2395 2461 2460 altero
2504 2395 2765 2484 quidem

536 2495 698 2578 locO,
739 2495 907 2561 Phil.
947 2519 1008 2562 v.
1047 2502 1167 2563 917
1196 2491 1286 2579 μὴ
1321 2490 1607 2575 στέναζε,
1656 2492 1812 2577 πρὶν
1847 2489 2079 2582 μάθῃς
2106 2536 2182 2545 -
2215 2495 2418 2559 ποῖον
2442 2488 2762 2581 μάθημα;

538 2597 961 2681 interrogatio
1007 2597 1209 2658 ποῖον
1247 2588 1540 2681 μάθημα
1583 2595 1941 2682 simplicius
1970 2595 2158 2661 reddi
2187 2603 2403 2681 potest
2435 2593 2572 2660 solo
2615 2617 2761 2681 pro-

538 2696 796 2761 nomine
837 2691 937 2779 τίς
980 2695 1080 2760 Eo
1127 2704 1362 2770 autem,
1411 2694 1586 2779 quod
1614 2694 1801 2760 verbi
1828 2696 2004 2760 notio
2042 2694 2445 2759 substantivo
2488 2703 2763 2778 cognato

538 2798 855 2881 repetitur
899 2796 1389 2881 pronominique
1446 2794 1648 2856 ποῖον
1699 2793 2029 2879 qualitatis
2083 2794 2261 2858 notio
2313 2796 2483 2857 inest
2493 2816 2544 2876 ,·
2572 2814 2762 2879 quae-

541 2894 773 2959 stionis
818 2896 918 2959 vis
961 2904 1252 2980 augetur,
1313 2892 1707 2958 Philoctetes
1752 2895 1956 2968 enim,
1999 2915 2081 2957 ne
2126 2892 2281 2979 quid
2323 2891 2478 2957 mali
2519 2890 2764 2974 audiat,

540 2995 738 3059 timet.
822 2992 1121 3059 Alterum
1170 2993 1383 3059 locum
1436 2992 1672 3057 Trach.
1730 3016 1791 3057 v.
1847 3000 1967 3061 450
2023 2991 2331 3078 legimus:
2401 2982 2461 3053 εἶ
2514 2985 2635 3072 μὲν
2692 2986 2765 3053 ἐκ

542 3091 758 3157 κείνου
822 3088 1070 3174 μαθὼν
1140 3086 1419 3178 ψεύδει,
1499 3086 1805 3177 μάθησιν
1875 3082 1950 3154 οὐ
2022 3085 2232 3176 καλὴν
2304 3083 2762 3171 ἑκμανθάνεις.

544 3192 1072 3259 Schneidewinus
1098 3191 1328 3256 ultima
1356 3190 1560 3257 verba
1593 3193 1687 3255 sic
1717 3190 1965 3256 reddit:
2007 3214 2122 3273 „so
2152 3189 2195 3253 h
2215 3213 2254 3254 a
2272 3198 2344 3254 st
2375 3188 2460 3253 du
2488 3188 2764 3254 nichts

544 3292 798 3358 Gutes
841 3289 1153 3377 gelernt.“
1236 3290 1424 3355 Haec
1468 3291 1523 3354 si
1572 3292 1919 3377 sequimur,
1964 3289 2436 3355 substantivum
2465 3281 2767 3373 μάθησις

542 3391 717 3456 idem
758 3400 858 3455 est
903 3399 1095 3477 atque
1133 3383 1425 3472 μάθημα
1469 3389 1530 3455 h.
1577 3412 1628 3453 e.
1673 3389 1743 3454 id
1786 3388 1957 3477 quod
2003 3389 2145 3477 quis
2185 3387 2428 3469 didicit,
2474 3388 2763 3468 scientia,

544 3514 685 3574 ars3
744 3490 952 3578 quod,
1017 3491 1072 3554 si
1132 3489 1391 3576 quidem
1435 3488 1622 3572 alibi,
1677 3488 1802 3553 hoc
1854 3498 2069 3553 tamen
2125 3486 2268 3552 loco
2314 3495 2595 3551 statuere
2638 3509 2765 3550 non

541 3591 711 3656 licet.
794 3588 1186 3655 Prohibetur
1230 3590 1401 3654 enim
1445 3592 1776 3675 praesenti
1817 3599 2106 3674 tempore
2149 3585 2363 3669 verbi,
2419 3609 2556 3668 nec,
2619 3608 2765 3649 cum

545 3688 934 3755 substantivi
1002 3683 1306 3774 μάθησις
1371 3688 1753 3775 principalis
1828 3686 2214 3774 significatio
2301 3687 2457 3750 satis
2542 3693 2765 3771 aptum

552 3813 809 3855 sensum
854 3788 1187 3877 praebeat,
1232 3812 1346 3857 cur
1385 3790 1482 3853 rei
1523 3788 1629 3853 vel
1661 3789 1840 3872 artis,
1884 3810 2048 3875 quae
2082 3785 2391 3867 discatur,
2435 3786 2759 3850 notionem

679 4009 731 4075 8)
779 4006 937 4061 Prior
969 4006 1172 4061 Aesch.
1211 4002 1320 4076 Ag'.
1358 4023 1408 4060 v.
1451 4007 1578 4059 1343
1613 3992 1885 4074 reperit'ur
1917 4000 2151 4073 passiva.
