3167 4550
1505 369 1578 430 41

426 545 704 611 efficitur
744 549 1042 629 πρᾶγμα.
1125 545 1327 610 Haud
1370 543 1497 612 alio
1538 545 1764 625 modo,
1824 545 1996 632 quod
2050 546 2167 612 Ion
2211 568 2373 610 eamv
2395 547 2658 634 reperit,

429 643 678 710 Creusa
717 644 791 710 fit
835 639 1037 731 φίλον
1066 639 1350 731 εὕρημα.

599 743 947 831 Objectum
991 743 1164 832 quod
1214 744 1451 809 vocavi
1492 745 1765 810 actionis
1804 766 1936 809 non
1990 766 2263 830 magnas
2322 742 2661 809 difficulta-

428 852 527 908 tes
571 842 860 929 praebet.
923 842 1110 924 Quae
1149 843 1412 908 nomina
1452 843 1727 908 actionis
1771 865 1925 908 vere
1963 842 2263 908 dicuntur
2293 841 2419 906 huc
2448 843 2665 907 omnia

430 940 805 1005 revocanda
860 951 1026 1007 sunt.
1126 940 1455 1028 Exempla
1506 963 1722 1028 pauca
1774 940 2127 1009 sufficiant:
2196 934 2532 1022 ὃεξόμεθά
2592 960 2667 1004 σε

438 1035 619 1117 δέξιν
658 1035 737 1124 ἥν
780 1060 854 1104 σε
902 1036 1238 1119 δέξασθαι
1272 1037 1478 1123 χρεών
1503 1071 1590 1093 =
1622 1034 1962 1120 ὃεξόμεθά
2003 1061 2077 1105 σε
2106 1036 2316 1116 οὕτως
2358 1032 2452 1115 ὥς
2491 1035 2666 1114 κτλ.,·

432 1136 847 1220 προσγελᾶτε
869 1162 885 1180 ·
928 1133 1346 1203 πανύστατον
1430 1134 1646 1222 γέλων
1719 1169 1805 1195 =
1878 1137 2286 1222 προσγελᾶτε
2356 1133 2666 1203 ὕστατον.

432 1234 770 1303 Accedunt
829 1248 1045 1304 autem
1110 1261 1195 1304 ex
1250 1248 1440 1325 parte
1504 1237 1766 1325 quidem
1819 1240 2085 1304 nomina
2126 1239 2493 1319 affectuum,
2538 1238 2666 1302 sict

432 1334 623 1420 φιλεῖ
659 1359 779 1418 μιν
820 1331 1144 1423 παντοίην
1187 1332 1517 1423 φιλότητα
1545 1366 1632 1392 =
1657 1331 2015 1413 παντοίως,
2062 1333 2279 1424 φόβον
2314 1333 2507 1401 κενὸν
2537 1356 2670 1422 φο-

429 1438 712 1517 βεῖσθαι
737 1466 823 1490 =
850 1438 1054 1512 κενῶς
1106 1435 1167 1501 h.
1212 1459 1266 1502 e.
1319 1430 1624 1515 ματαίως
1676 1437 2073 1523 φοβεῖσθαι.
2173 1436 2666 1502 Substantin

431 1529 654 1619 φόβος
715 1545 944 1601 contra
1011 1533 1126 1600 ubi
1182 1534 1783 1601 terriculamentum
1833 1535 2159 1621 significat
2176 1584 2195 1618 ,
2261 1535 2348 1600 ad
2402 1533 2664 1600 modum

432 1656 564 1699 non
621 1635 931 1721 pertinet.-
1019 1633 1274 1699 Eadem
1338 1636 1619 1716 ratione,
1683 1656 1832 1699 cum
1894 1633 2372 1700 substantivum
2430 1627 2666 1709 πάθος

437 1755 567 1799 non
610 1735 984 1819 passionem
1009 1734 1069 1776 ³⁵
1088 1737 1142 1815 ),
1187 1733 1304 1798 sed
1358 1732 1603 1799 malum
1650 1733 2000 1818 significet,
2046 1734 2220 1819 quod
2261 1734 2331 1798 in
2372 1732 2664 1798 homines

436 1830 698 1914 incidit,
741 1832 947 1897 verba
986 1833 1242 1895 παθεῖν
1283 1829 1502 1896 δεινὸν
1544 1826 1784 1907 πάθος
1837 1855 1969 1897 non
2012 1831 2381 1919 significant
2436 1832 2667 1907 δεινῶς

432 1929 709 2007 παθεῖν,
748 1953 976 1996 verum
1020 1925 1239 1994 δεινόν
1280 1951 1346 1992 τι
1385 1930 1660 1997 παθεῖν.
1749 1930 1883 1996 Sed
1923 1930 2449 1996 terriculamenta
2502 1931 2665 1996 haec

437 2036 502 2092 et
542 2026 735 2111 mala,
794 2050 962 2113 quae
1019 2030 1423 2093 extrinsecus
1479 2030 1550 2092 in
1603 2028 1934 2094 hominum
1993 2031 2244 2094 animos
2293 2032 2663 2115 irrumpunt
2708 2104 2712 2108 ,

438 2127 886 2214 actionemque
917 2127 1105 2193 verbi
1124 2124 1580 2213 respondentis
1626 2131 2030 2209 excitant,
2074 2149 2287 2193 nonne
2328 2128 2398 2191 in
2438 2128 2521 2192 iis
2549 2125 2661 2191 ha-

433 2223 650 2291 benda
693 2235 870 2310 sunt,
926 2249 1091 2313 quae
1144 2248 1345 2313 supra
1402 2225 1485 2291 ab
1543 2224 1797 2314 objecto
1839 2228 2147 2293 interiore
2192 2224 2489 2293 secrevi?
2543 2225 2661 2291 Mi-

433 2326 625 2408 nime,
662 2327 914 2413 opinor.
1000 2326 1185 2391 Sicut
1236 2327 1408 2389 enim
1465 2325 1650 2392 dolor
1701 2327 1974 2412 cogitari
2032 2348 2164 2391 non
2217 2335 2463 2411 potest,
2508 2325 2663 2412 quin

436 2426 781 2508 sentiatur,
827 2428 923 2489 sic
965 2445 1286 2512 personae
1325 2413 1601 2512 quoque,
1646 2449 1782 2507 res,
1836 2436 2069 2490 eventa
2109 2448 2253 2513 per
2284 2448 2365 2490 se
2410 2426 2662 2490 timoris

433 2523 671 2590 malive
712 2524 873 2590 nihil
916 2523 1177 2607 habent,
1221 2523 1339 2589 sed
1367 2523 1655 2588 timendo
1689 2535 1882 2613 atque
1908 2524 2215 2611 patiendo
2258 2517 2468 2607 φόβοι
2502 2523 2665 2588 fiunt

432 2631 498 2687 et
537 2617 757 2707 πάθη.
2367 2702 2376 2710 .

599 2720 785 2802 Quae
843 2725 898 2787 si
954 2720 1478 2808 complectimur,
1542 2719 1774 2787 eadem
1828 2724 2000 2788 ratio
2065 2723 2408 2789 intercedit
2457 2723 2661 2788 intert

429 2813 630 2906 πάθη
689 2816 900 2902 μέλεα
956 2814 1236 2899 πάσχειν
1291 2828 1384 2884 et:
1465 2814 1689 2906 φόβον
1755 2817 1948 2887 κενὸν
2029 2823 2437 2908 φοβεῖσθαι,
2504 2843 2667 2905 quae

430 2919 628 2984 inter:
682 2913 974 3006 κτήματα
1018 2911 1223 2983 ἄδικα
1263 2921 1564 2982 κτᾶσθαι
1619 2931 1713 2986 et:
1765 2916 2005 3006 τέρψιν
2054 2918 2246 3008 κενὴν
2292 2915 2669 3003 τέρπεσθαι

432 3018 850 3105 conspicitur.
935 3017 1337 3101 Ceterorum,
1381 3039 1548 3104 quae
1591 3019 1699 3086 hic
1739 3021 1908 3087 forte
1949 3021 2223 3087 veniunt
2249 3021 2317 3084 in
2344 3021 2665 3108 quaestio-

427 3140 597 3193 nem,
646 3116 1198 3183 substantivorum
1241 3139 1373 3183 una
1403 3140 1552 3183 cum
1582 3119 1822 3203 verbis,
1868 3119 1950 3186 de
1980 3119 2215 3208 quibus
2244 3119 2664 3207 paragrapho

428 3218 735 3303 proxima
773 3225 1023 3302 agetur,
1073 3217 1462 3284 mentionem
1506 3219 1768 3286 faciam.

1448 3435 1490 3514 ἓ
1543 3441 1634 3502 16.

580 3597 727 3662 Non
771 3599 941 3662 enim
985 3598 1312 3686 objectum
1360 3599 1568 3665 solum
1624 3600 1789 3666 facit
1848 3612 2242 3667 momentum
2303 3604 2372 3668 in
2433 3602 2660 3668 distin-

417 3696 692 3780 guendis
736 3697 974 3785 objecti
1017 3699 1347 3764 interioris
1391 3699 1777 3784 generibus,
1825 3700 1942 3766 sed
1983 3701 2172 3767 verbi
2211 3723 2414 3788 genus
2465 3710 2661 3789 atque

421 3796 816 3881 significatio
864 3798 1228 3863 arctissime
1285 3820 1430 3864 cum
1483 3820 1560 3863 eo
1618 3798 1938 3866 cohaeret.
2039 3801 2473 3866 Accusativus
2535 3800 2649 3866 ob·

545 4011 632 4076 35)
693 4011 839 4068 Sane
875 4017 1062 4085 partes
1100 4012 1378 4069 interdum
1411 4014 1647 4086 suscipit
1677 4014 1829 4071 vocis
1868 4014 2182 4070 rarissimae
2222 4013 2492 4084 πάθησις.
