3167 4550
1557 325 1632 387 13

471 511 602 554 non
672 493 1012 579 pertinent.
1116 494 1302 563 Idem
1367 504 1780 570 statuendum
1842 515 1940 571 est
2004 506 2084 573 de
2148 510 2470 578 nonnullis
2537 511 2697 580 locis

469 587 862 676 EuripideiS.
988 593 1166 681 Cycl.
1244 622 1307 665 v.
1379 606 1476 669 26.
1560 597 1912 686 ποίμνας
1980 601 2359 685 Κύκλωπος
2424 603 2695 676 ἀνοσίου

472 709 575 750 πο
592 710 675 769 ιμ
699 679 990 772 αίνομε
1006 717 1058 760 ν.
1147 697 1380 764 Cetera
1425 703 1593 766 enim
1637 691 1707 769 ut
1750 706 2150 791 omittamuS,
2210 710 2477 776 verbum
2535 736 2696 776 ποι-

469 781 732 860 μαίνειν
773 813 892 877 per
936 815 1005 857 se
1049 797 1309 863 minime
1367 800 1690 886 significat
1743 827 2066 891 „gregem
2123 812 2436 894 pascere“
2451 861 2468 894 ,
2530 814 2696 878 sicut

469 881 741 966 βάλλειν
782 912 900 975 per
947 915 1016 957 se
1072 918 1203 961 non
1262 899 1587 985 significat
1641 902 1883 985 „telum
1944 907 2330 994 conjiceres(
2424 910 2556 976 Sed
2612 935 2694 978 ne

471 984 593 1050 hoc
636 988 897 1072 quidem
937 994 1095 1058 facit
1136 1009 1565 1083 momentum,
1639 1003 1810 1089 quod
1857 1000 2063 1069 elucet
2103 1006 2204 1072 his
2244 1008 2436 1074 locis:
2497 1010 2692 1077 Rhes.

469 1106 531 1148 v.
597 1092 674 1152 75
704 1089 816 1165 19):
891 1083 955 1152 οἱ
1021 1084 1157 1156 δ’ἕν
1213 1091 1519 1181 βρόχοισι
1590 1097 1856 1182 δέσμιοι
1945 1101 2347 1191 λελημμένοι
2419 1112 2694 1191 Φρυγῶν

467 1174 833 1270 ἀρούρας
877 1184 1232 1270 ἐκμάθωσι
1261 1200 1687 1278 γαπονεῖν.
1744 1201 2045 1277 (Demad.
2075 1228 2137 1292 p.
2166 1212 2206 1273 2
2235 1201 2271 1271 ὃ
2315 1204 2437 1291 τὴν
2472 1203 2694 1293 χώραν

469 1287 834 1368 γεωργῶν),·
891 1288 1034 1356 Alc.
1080 1298 1200 1360 869
1248 1288 1398 1361 οὕτε
1440 1294 1565 1382 γὰρ
1609 1291 1818 1382 αὐγὰς
1865 1296 2076 1384 χαίρω
2149 1309 2501 1390 προσοριῦν
2554 1300 2686 1372 οὔτ’

467 1375 582 1445 ἐπὶ
625 1379 820 1467 γαίας
859 1385 1082 1453 πόδα
1123 1412 1223 1457 πε
1240 1391 1367 1473 ζεύ
1381 1420 1503 1461 ων.
1594 1399 2004 1490 Quamquam
2062 1408 2396 1494 utriusque
2451 1407 2691 1495 objecti

464 1487 636 1548 notio
679 1487 899 1552 verbis
932 1490 1074 1576 jam
1119 1497 1510 1583 continetur,
1573 1510 1791 1567 tamen
1809 1556 1822 1582 ,
1892 1526 2033 1567 cum
2094 1506 2313 1571 verbis
2371 1531 2499 1573 non
2555 1509 2687 1572 effi-

467 1581 720 1649 ciantur
760 1586 1035 1673 objecta,
1082 1595 1276 1659 etiam
1322 1596 1402 1663 de
1444 1599 1544 1663 his
1588 1622 1718 1665 non
1760 1600 1958 1668 dubia
2002 1613 2099 1669 est
2132 1608 2425 1693 quaestio
2453 1609 2552 1685 ²⁰).

628 1682 727 1748 Ne
769 1687 1039 1753 verbum
1082 1686 1325 1758 τίκτειν
1382 1699 1639 1786 quidem
1682 1702 1859 1765 venit
1897 1704 1962 1766 in
2003 1706 2477 1789 quaestionem,
2537 1728 2684 1771 cum

461 1802 618 1846 vero
647 1784 865 1850 verbis
899 1783 1093 1851 τέκνα
1132 1795 1372 1859 τίκτειν
1410 1798 1473 1864 h.
1515 1822 1567 1865 e.
1612 1810 1807 1886 partu
1850 1801 2127 1867 infantes
2157 1805 2225 1869 in
2258 1804 2466 1870 lucem
2491 1806 2685 1871 edere

459 1879 550 1943 nil
588 1883 763 1966 insit,
807 1887 979 1972 quod
1017 1890 1104 1955 ad
1146 1893 1471 1981 objectum
1509 1899 1780 1964 interius
1814 1910 2079 1988 spectet,
2126 1903 2534 1969 statuendum
2561 1906 2684 1971 hoc

463 1988 577 2062 est,
621 1984 676 2046 si
717 1993 943 2069 contra
983 1992 1285 2076 ponimus
1328 1995 1520 2062 haec:
1559 1993 1757 2061 τέκνα
1800 1999 2239 2066 παιδοποιεῖν
2278 2004 2382 2069 vel
2424 2005 2678 2071 similia.

460 2077 597 2143 Nec
640 2081 822 2148 deest
863 2089 1227 2176 exemplum
1269 2093 1729 2184 Euripideum:

619 2180 884 2246 παῖδα
925 2194 1293 2259 τεκνοῦν.

621 2280 866 2350 Phoen.
916 2294 1009 2355 19.
1056 2282 1116 2352 εἶ
1158 2289 1284 2376 γὰρ
1325 2292 1675 2374 τεκνώσεις
1714 2290 1928 2376 παῖδ’,
1976 2291 2341 2365 ἆποκτανεῖ
2384 2294 2485 2369 σ’ὁ
2530 2297 2674 2391 φύς.

622 2379 923 2469 Denique
992 2388 1077 2453 ad
1141 2391 1465 2480 objectum
1517 2401 1790 2465 interius
1844 2398 2007 2463 alter
2062 2400 2276 2466 adhuc
2338 2403 2519 2468 locus
2582 2427 2678 2469 re-

452 2479 672 2546 currit.
2032 2516 2041 2523 ·

618 2576 1010 2671 *ῧφασμα
1048 2586 1460 2679 ὑφαίνειν.

616 2681 755 2750 Ion.
820 2695 996 2756 1420.
1063 2689 1402 2782 σκέψασθ’
1462 2686 1504 2762 ὃ
1558 2699 1724 2774 παῖς
1759 2689 1907 2761 ποτ’
1971 2687 2109 2763 οὖσ’
2168 2691 2419 2785 ὕφασμ’
2481 2695 2672 2788 ὕφην’

451 2770 601 2860 ἐγώ.
645 2784 831 2859 (cons.
876 2787 1032 2856 Hes.
1077 2815 1230 2881 opp.
1271 2818 1331 2862 v.
1379 2804 1518 2864 777.
1563 2799 1697 2861 νεῖν
1734 2793 2023 2885 νήματα.)

613 2880 720 2947 Ab
765 2907 844 2950 ea
887 2887 1123 2977 objecti
1165 2895 1491 2961 interioris
1519 2906 1725 2983 parte,
1771 2899 1874 2963 cui
1910 2920 2030 2962 nec
2060 2899 2284 2984 stirpis
2314 2921 2436 2964 nec
2476 2901 2672 2986 signi-

450 2974 767 3048 ficationis
812 2991 1115 3074 cognatio
1158 2995 1327 3060 inest
1367 2997 1535 3061 inter
1564 2995 1835 3062 verbum
1880 3007 1943 3062 et
1967 3019 2221 3081 nomen,
2266 2998 2672 3065 excludenda

450 3096 592 3143 esse
634 3087 896 3152 nomina
939 3103 1243 3158 concreta
1286 3117 1556 3183 eamque
1602 3096 1754 3161 solis
1799 3095 2146 3162 abstractis
2188 3098 2670 3164 concedendam

449 3196 591 3241 esse
633 3196 929 3269 apparet.
1014 3190 1164 3257 Una
1205 3203 1423 3260 tamen
1462 3194 1639 3260 valet
1678 3197 1996 3282 exceptio,
2042 3196 2123 3260 de
2168 3219 2295 3284 qua
2324 3199 2513 3282 infra,
2557 3197 2670 3263 ubi

448 3272 529 3339 de
593 3278 943 3351 abstractis
1002 3292 1370 3360 nominibus
1433 3297 1556 3360 erit
1622 3297 1947 3383 quaestiO‚
2013 3305 2273 3381 agetur:
2344 3296 2668 3362 interdum

581 3464 666 3532 19)
708 3464 1022 3526 Editionem
1057 3479 1277 3529 secutus
1312 3494 1433 3530 sum
1467 3474 1958 3533 Kirchhoffianam.
2049 3545 2054 3550 ἡ

575 3547 663 3614 20)
709 3548 931 3608 Talium
964 3557 1256 3613 verborum
1289 3561 1441 3614 notio
1476 3565 1590 3614 tam
1628 3562 1903 3632 generalis
1936 3560 2087 3616 facta
2122 3566 2224 3631 est,
2257 3567 2323 3616 ut
2355 3563 2537 3619 verbis
2569 3564 2662 3616 ad-

433 3624 748 3698 jungantur
800 3639 1022 3708 objecta
1076 3658 1194 3695 non
1248 3642 1424 3696 solum
1475 3644 1668 3698 eadem
1721 3649 1818 3698 aut
1868 3645 2037 3717 stirpe
2093 3651 2192 3700 aut
2242 3644 2662 3717 significatione,

440 3727 774 3785 quamquam
822 3736 961 3790 opus
1009 3724 1076 3776 iis
1132 3743 1246 3779 non
1299 3732 1437 3795 est„
1464 3744 1656 3781 verum
1707 3729 1873 3782 etiam
1921 3729 2062 3783 fines
2109 3730 2279 3784 verbo
2335 3730 2661 3784 constitutos

440 3798 802 3857 transeuntia.
882 3804 1167 3876 EJ‘usmodi
1217 3812 1446 3869 verbum
1492 3817 1578 3866 est
1632 3813 1978 3885 οἰκοδομεῖν,
2028 3814 2176 3886 quod
2218 3815 2500 3869 notionem
2546 3819 2659 3868 tam

439 3882 756 3947 generalem
804 3891 1046 3960 accepit,
1095 3897 1159 3946 ut
1202 3893 1321 3948 sine
1365 3895 1710 3951 dubitatione
1756 3895 2003 3952 dicerent
2045 3896 2248 3953 Graeci
2297 3908 2475 3970 τεῖχος
2509 3904 2659 3954 olno-

433 3963 644 4035 δομεῖν.
