3167 4550
1434 350 1455 454 ἐ
1474 353 1562 416 39

336 578 349 593 .
402 545 632 603 -autem
673 543 790 618 est,
835 533 1141 626 quoniam
1183 528 1423 621 objecti
1459 509 1806 621 interior-is¹
1832 541 2142 603 naturam·
2173 539 2366 618 atque
2399 522 2639 617 genera

314 680 350 707 ⁴.
417 634 718 702 subtilius
764 633 1033 719 definire
1060 632 1546 720 complectique
1576 690 1581 697 .
1608 631 2117 723 adgextremum,
2138 632 2637 725 reservavimus,

340 760 351 789 ε
417 735 778 821 generatim
834 731 996 797 illud
1049 729 1494 819 ‚tantummodo
1526 739 1619 795 'et
1670 729 1757 795 ad
1813 731 2141 799 nominum
2192 731 2642 796 formationem

416 834 701 920 potuisse
741 831 904 926 fieri.
958 872 963 881 ·
1001 831 1139 897 Nec
1155 878 1174 912 ,
1210 852 1365 905 ,cum
1420 837 1636 894 certus
1671 838 1947 899 :tantum
2003 829 2424 896 enumerandi
2476 830 2638 899 ordo

363 980 369 986 ·
418 931 776 1001 servandus
820 938 1024 1005 esset,
1087 929 1225 1015 qui,
1260 951 1454 1016 quam
1516 929 1804 993 maxima
1866 929 2331 1015 perspicuitate
2381 930 2638 1012 rationi,

348 1080 383 1103 ,η
419 1054 548 1118 qua
603 1031 1047 1095 accusativum
1100 1026 1365 1115 objecti,
1392 1028 1718 1100 interioris
1773 1027 2207 1115 explicamus,
2252 1030 2640 1113 conveniret,

397 1130 531 1201 -ubi
569 1153 736 1217 opus
780 1151 922 1201 esse
962 1129 1175 1199 visum
1214 1136 1347 1211 est,
1392 1128 1548 1214 quin
1593 1127 1789 1191 etiam
1833 1126 1916 1191 ab
1960 1125 2070 1193 illo
2115 1137 2465 1216 praecepto
2512 1129 2639 1194 dis·

424 1230 653 1295 cedere
695 1228 1149 1293 dubitavimus.
1389 1290 1394 1297 ,

562 1328 796 1410 Nunc,
856 1325 1377 1413 quandoquidem
1434 1324 1737 1412 exempla
1778 1327 1995 1392 omnia
2028 1327 2096 1392 in
2141 1334 2403 1414 promtu
2442 1326 2638 1393 habe-
2691 1326 2728 1385 Γ

423 1451 584 1511 mus,
594 1447 1025 1521 quoscunque
1037 1426 1397 1513 reperimus
1420 1424 1817 1506 objectorum
1845 1426 2272 1508 accusativoS,
2297 1425 2384 1492 ad
2395 1448 2638 1511 genera

417 1550 814 1595 revocemuS.
835 1524 1282 1612 objectum,
1309 1523 1749 1612 quoddicitur,
1775 1525 2127 1590 interius
2157 1525 2641 1613 duplextest.

421 1628 612 1692 Prius
651 1627 790 1714 ejus
832 1647 1036 1710 genus
1080 1623 1214 1711 obj
1240 1624 1811 1697 ectumeffecti
1849 1625 2342 1690 nominaverim.
2383 1625 2666 1692 Indicat-

422 1727 616 1808 enim,
658 1747 786 1812 quo
830 1724 998 1790 actio
1041 1722 1228 1788 verbi
1270 1724 1516 1787 intenta
1559 1723 1662 1804 sit,
1706 1745 1747 1810 q
1763 1746 1808 1787 u
1822 1723 1845 1787 i
1860 1722 1902 1786 d
1945 1723 2185 1790 efficiat
2206 1724 2311 1790 vel
2338 1726 2640 1793 effecerit.

423 1824 718 1889 Alterum
748 1846 951 1908 genus
996 1822 1421 1909 obJectum
1442 1830 1539 1886 est
1578 1823 1951 1905 actionis,
1994 1846 2228 1889 nomen
2257 1825 2464 1901 enim,
2513 1848 2639 1912 quo

418 1923 607 1988 verbi
647 1924 825 1988 notio
883 1920 1188 1989 infinitivi
1239 1922 1488 1986 ratione
1527 1923 1923 2004 continetur,
1968 1923 2643 2009 quemadmodum

421 2024 591 2088 actio
613 2021 800 2087 verbi
843 2020 1179 2115 efficiatur,
1223 2006 1505 2087 denotat.
1594 2019 1938 2108 Objectum
1981 2022 2179 2108 igitur
2214 2022 2426 2089 effecti
2459 2023 2645 2093 verbi

362 2152 370 2186 1
423 2123 675 2205 actione
698 2110 994 2202 efficitur,
1024 2142 1099 2185 eo
1124 2128 1358 2202 autem,
1383 2118 1556 2206 quod
1580 2118 1666 2195 ad
1693 2121 1987 2185 effectum
2010 2122 2319 2207 pervenit,
2348 2122 2643 2191 substan-

421 2196 681 2305 tialiter,
726 2229 798 2285 ut
838 2221 930 2285 ita
973 2219 1189 2285 dicere
1233 2218 1392 2284 mihi
1434 2217 1631 2294 liceat
1672 2213 2224 2303 (αυθυπάρκτως),
2290 2225 2642 2310 opponitur

424 2320 623 2386 verbo
668 2331 733 2385 et
773 2319 1271 2394 similitudinemn
1297 2319 1645 2404 quandam,
1689 2320 1906 2406 specie
1945 2319 2219 2404 scilicet,
2276 2325 2644 2408 exterioris,

425 2418 875 2507 quododicitun
903 2418 1139 2506 objecti
1162 2420 1432 2506 accipit:
1464 2419 1787 2507 objectum
1817 2421 2090 2485 actionis
2119 2442 2250 2485 una
2279 2443 2426 2487 cum
2452 2422 2640 2489 verbi

428 2519 677 2596 actione
717 2518 947 2605 incipit
965 2564 985 2601 ,
1024 2527 1392 2605 permanet,
1452 2519 1651 2592 finem
1718 2519 1924 2612 capit.¹
1996 2519 2147 2586 Duo
2204 2519 2366 2586 haec
2406 2521 2643 2610 objecti

423 2617 748 2683 interioris
775 2638 1018 2702 genera
1052 2639 1201 2682 cum
1240 2639 1701 2705 nonnunquam
1743 2619 1912 2684 inter
1956 2639 2026 2682 se
2072 2620 2468 2704 contingant,
2511 2641 2640 2685 non

427 2737 681 2802 semper
721 2716 914 2782 facile
969 2723 1241 2803 possunt
1295 2716 1600 2805 disjungi.
1698 2716 1884 2797 Quae
1939 2739 2044 2781 res
2102 2739 2178 2783 eo
2232 2717 2646 2805 dijudicatur,

430 2815 603 2900 quod
645 2814 882 2902 objecti
926 2816 1197 2894 actionis
1239 2815 1382 2880 vice
1427 2838 1683 2903 semper
1722 2815 2139 2899 adverbialis‚
2186 2839 2379 2903 quam
2426 2818 2648 2886 dicunt

368 2949 373 2954 »
423 2915 851 2999 grammatici,
899 2916 1341 3002 pronuntiatio
1372 2925 1589 3002 potest
1623 2915 1821 3008 fungi.
1890 2915 2347 3003 Ipsum-aut
2362 2940 2475 2982 em
2517 2917 2649 2983 ob·

427 3014 773 3100 jectum,
819 3013 1031 3101 quod
1070 3014 1780 3092 modumdenotat,
1827 3037 1983 3092 non
2027 3016 2205 3081 sine
2248 3015 2650 3104 adjectivi

400 3112 1259 3199 'velpronominisvel
1291 3116 1904 3192 enuntiationis
1941 3114 2376 3201 adjunctae
2408 3117 2646 3202 poni-

428 3219 557 3277 tur
619 3211 1210 3290 additament0‚
1286 3214 1487 3301 quod
1551 3213 1867 3299 quidem
1930 3212 2336 3290 adverbio
2401 3214 2649 3281 reddi

370 3387 377 3394 ι
431 3321 720 3396 potest.
741 3312 822 3388 ³²)
905 3311 1308 3378 Attributum
1373 3315 1544 3380 enim
1607 3313 1730 3379 hoc
1778 3320 1890 3378 aut
1938 3313 2054 3396 rei,
2099 3312 2184 3377 ad
2234 3335 2426 3400 quam
2477 3315 2650 3382 actio

431 3411 730 3494 pertinet,
772 3421 886 3476 aut
923 3411 1052 3497 ipsi
1094 3397 1296 3477 verbo
1338 3412 1755 3479 tribuendum
1800 3422 1916 3480 est.

595 3508 732 3574 Iam
777 3510 835 3573 si
878 3509 966 3575 ad
1008 3510 1296 3596 singulos
1336 3511 1514 3588 locos
1556 3536 1675 3578 nos
1716 3514 2169 3597 convertimus,
2216 3497 2472 3596 verba,
2484 3535 2652 3626 quae

378 3667 387 3674 .
435 3603 706 3691 legimus
761 3609 896 3676 Ion.
956 3616 1259 3688 v.1525·
1336 3604 1538 3696 φίλον
1589 3609 1708 3692 μὲν
1768 3636 1882 3677 ουν
1940 3603 2004 3675 o’
2065 3606 2345 3699 εὕρημα,
2417 3614 2649 3696 μῆτερ,

434 3701 710 3791 εὕρομεν
766 3712 859 3777 sic
916 3710 1156 3775 mutari
1211 3717 1514 3796 possunt:
1580 3704 1783 3798 φίλον
1821 3733 1920 3789 τι,
1981 3713 2213 3799 μῆτερ,
2257 3707 2535 3794 εύρομέν
2577 3732 2651 3775 σε

433 3811 656 3884 (etwas
695 3807 931 3874 Liebes
979 3807 1149 3873 habe
1183 3807 1350 3874 ich
1331 3832 1400 3874 m
1430 3808 1535 3874 dir
1562 3810 1907 3896 gesunden,
1949 3812 2134 3877 einen
2163 3811 2431 3876 theuern
2460 3811 2653 3876 Fund

571 3955 658 4018 32)
705 3954 1070 4029 Excipiuntur
1095 3956 1458 4028 paucissimae
1513 3959 1805 4028 verborum
1847 3960 2290 4030 conjunctiones,
2345 3958 2415 4013 de
2448 3959 2650 4028 quibus

433 4036 689 4092 disseruit
721 4037 1035 4096 Lobeckius
1068 4041 1104 4098 l.
1139 4057 1185 4098 c.
1218 4058 1347 4113 pag.
1384 4045 1499 4096 504.
