3167 4550
1510 351 1548 410 7

418 529 774 597 Maximam
817 531 886 594 in
927 530 1049 596 hoc
1088 531 1222 595 vim
1266 529 1550 595 studium
1579 529 1889 596 habuisse
1913 530 2170 597 videtur
2199 553 2276 597 eo
2305 533 2643 614 intentum,

421 638 490 693 ut
508 630 785 694 orationi
809 631 1193 714 gravitas
1218 629 1619 717 quaedamet
1640 631 2204 718 perspicuitas
2235 630 2644 696 tribueretur.

420 727 510 792 Et
552 728 713 793 haec
734 728 991 816 quidem
1020 729 1102 794 de
1134 730 1383 815 origine
1408 752 1579 794 nunc
1603 728 1941 812 sufficiant,
1985 729 2222 818 quibus
2251 730 2440 817 plura
2475 730 2646 819 adji-

422 848 569 892 cere
611 826 891 897 alienum
934 828 1121 894 duco.
1203 828 1498 913 Longius
1540 829 1711 892 enim
1756 828 1837 893 de
1875 829 1998 894 hac
2040 851 2115 894 re
2159 828 2244 894 ab
2288 830 2472 896 initio
2513 839 2642 894 sta-

420 927 537 991 tim
601 928 870 1012 evagari
936 937 1282 1014 propterea
1338 928 1788 1011 intermittam,
1856 952 1938 994 ne
1995 929 2153 1016 quid
2212 928 2643 1017 praejudicati

421 1027 850 1092 transferatur
891 1027 959 1091 in
1000 1027 1214 1114 ipsam
1258 1027 1717 1114 quaestionem.

1459 1212 1605 1292 §3.

584 1341 722 1406 Iam
767 1364 914 1407 cum
961 1349 1329 1428 quaeratur,
1375 1364 1504 1429 qua
1546 1343 1799 1407 ratione
1838 1349 2041 1409 totum
2082 1339 2369 1407 locorum
2407 1365 2642 1428 agmen

419 1438 947 1528 pertractandum
995 1442 1107 1521 sit,
1173 1443 1261 1522 ei,
1327 1464 1517 1529 quam
1572 1440 1981 1507 Schwarzius
2037 1438 2327 1517 adhibet,
2382 1443 2641 1524 rationi,

418 1540 720 1624 quoniam
768 1537 852 1602 ad
897 1538 1285 1603 exteriorem
1328 1548 1579 1603 tantum
1594 1588 1612 1622 ,
1657 1548 1727 1604 ut
1768 1541 1861 1604 ita
1901 1539 2132 1621 dicam,
2174 1539 2639 1605 vocabulorum

418 1638 935 1723 conjunctionem
1005 1637 1163 1702 mihi
1238 1637 1496 1702 videtur
1562 1647 1893 1724 spectare,
1966 1659 2070 1700 me
2135 1641 2549 1726 opposuerim
2570 1641 2640 1718 ⁶).

415 1736 482 1800 Is
527 1737 698 1801 enim
755 1735 961 1801 verba
1022 1745 1086 1800 et
1134 1738 1399 1802 nomina
1455 1736 1745 1824 ejusdem
1798 1736 2103 1802 thematis
2159 1759 2200 1802 a
2260 1741 2640 1824 synonymis

417 1834 521 1900 vel
563 1834 1032 1900 homoeosemis
1077 1835 1418 1923 disjungit,
1473 1835 1653 1900 illam
1706 1858 1861 1901 vero
1919 1838 2206 1922 priorem
2246 1847 2499 1923 partem
2546 1840 2639 1903 sic

418 1933 746 2016 describit,
792 1946 985 2020 prout
1025 1936 1492 2000 enuntiationes
1537 1944 1947 2001 constructae
1989 1934 2488 2023 nominibusque
2524 1936 2637 2002 ad-

3 2059 4 2090 ι
405 2034 654 2121 jectiva
697 2033 797 2098 vel
841 2034 1228 2119 pronomina
1273 2033 1498 2099 addita
1540 2044 1654 2100 aut
1693 2057 1823 2099 non
1851 2033 2097 2099 'addita
2156 2044 2318 2099 sunt.
2420 2035 2640 2115 Quare

418 2155 564 2196 cum
607 2155 737 2197 una
781 2132 1131 2220 eademque
1184 2133 1649 2199 vocabulorum
1708 2134 2099 2220 conjunctio,
2159 2134 2419 2220 saepius
2476 2157 2642 2218 quae

3 2098 10 2396 ,
417 2232 606 2315 redit,
654 2234 1127 2299 constructione
1169 2232 1430 2321 quidem
1476 2232 2048 2320 additamentoque
2075 2234 2366 2317 variatis,
2407 2232 2639 2300 discin-

418 2333 609 2397 datur
651 2355 770 2397 nec
815 2332 1054 2397 similes
1084 2333 1592 2397 constructiones
1626 2341 2059 2411 conectantur,
2104 2353 2268 2416 eam,
2313 2356 2442 2421 qua
2475 2357 2637 2421 opus

416 2441 532 2514 est,
578 2432 1107 2518 perspicuitatem
1141 2431 1407 2517 paulum
1438 2431 1901 2497 desideramus.
1962 2431 2034 2496 Si
2062 2454 2217 2497 vero
2246 2434 2635 2520 quaerimus,

413 2529 526 2595 ubi
566 2539 630 2594 et
673 2529 990 2617 quomodo
1037 2530 1447 2595 substantiva
1485 2529 1859 2619 adjectivis,
1920 2530 2441 2618 pronominibuS,
2482 2536 2635 2598 arti—

413 2628 558 2694 culo
588 2628 992 2711 definiantur,
1037 2629 1201 2694 haec
1232 2628 1491 2717 quidem
1522 2632 1814 2716 quaestio
1849 2632 2120 2717 majoris
2165 2630 2473 2718 ponderis
2518 2642 2634 2727 est²

419 2728 532 2792 sed
577 2727 705 2792 loci
720 2776 738 2810 ,
797 2729 1029 2814 quibus
1094 2727 1501 2793 substantiva
1546 2729 1687 2793 sine
1723 2728 1855 2795 ullo
1915 2728 2353 2794 additamento
2412 2730 2632 2795 verbis

416 2826 887 2915 adjunguntur,
944 2850 1017 2892 re
1066 2849 1226 2893 vera
1277 2837 1413 2891 tam
1457 2838 1607 2892 sunt
1644 2828 1808 2910 rari,
1864 2837 1936 2893 ut
1987 2827 2294 2893 facillime
2346 2832 2634 2915 perspici

411 2927 665 3012 possint
708 2935 774 2991 et
817 2927 1093 2991 conferri
1113 2928 1181 3006 ⁷).
1272 2924 1682 2992 Schwarzius
1726 2937 1960 3010 autem,
2004 2937 2075 2992 ut
2119 2927 2242 2993 sibi
2288 2936 2631 3013 constaret,

410 3026 478 3090 in
518 3024 878 3090 tractandis
919 3024 1516 3091 homoeosemorum
1578 3027 2136 3114 conjunctionibus
2181 3024 2439 3110 eadem,
2502 3050 2633 3115 qua

3 3186 4 3209 ἦ
412 3126 613 3211 prius,
655 3126 907 3190 ratione
950 3126 1042 3189 uti
1086 3123 1384 3190 debebat.
1454 3124 1811 3205 Quaerenti
1841 3129 2041 3212 igitur
2088 3124 2269 3206 mihi,
2308 3125 2629 3212 quomodo

3 3213 6 3406 ›
411 3225 745 3310 aptissime
786 3246 924 3288 rem
969 3224 1396 3310 disponerem,
1437 3223 1599 3289 haec
1636 3236 2088 3292 occurrerunt:
2133 3224 2412 3312 Objecti,
2456 3226 2631 3313 quod

410 3322 665 3407 dicitur,
701 3323 1028 3387 interioris
1069 3324 1246 3388 notio
1288 3325 1384 3388 ita
1426 3325 1992 3411 comprehenditur
2007 3374 2026 3409 ,
2069 3329 2160 3391 ut‘
2183 3325 2479 3392 omnibus
2521 3328 2631 3392 tri-

3 3457 8 3662 i
541 3575 593 3642 6)
637 3573 903 3627 Attamen
929 3569 1269 3627 Schwarzius
1307 3569 1504 3624 ceteris
1537 3570 1734 3625 melius
1767 3587 1882 3626 rem
1914 3572 2211 3644 perspexit.
2269 3574 2359 3630 De
2382 3574 2629 3629 Kolsteri

406 3655 672 3711 divisione
705 3655 887 3711 verbis
923 3672 1036 3709 non
1074 3670 1213 3725 opus
1251 3658 1352 3721 est,
1389 3670 1555 3724 quam
1589 3655 1723 3708 satis
1749 3655 2011 3711 refutavit
2036 3655 2394 3715 Schwarzius.
2444 3659 2625 3715 Wun-

408 3739 573 3794 derus
606 3740 831 3795 nonnisi
864 3738 1150 3810 parvulam
1182 3737 1451 3792 materiae
1482 3744 1701 3810 partem
1734 3740 1998 3797 exhausit.

540 3827 592 3892 7)
640 3823 810 3896 Apud
828 3823 1155 3894 Sophoclem
1182 3827 1296 3877 tres
1321 3822 1430 3878 loci
1455 3827 1691 3893 exstant,
1728 3824 1928 3895 quibus
1953 3826 2130 3881 solum
2150 3828 2427 3898 objectum
2454 3827 2623 3882 verbo

267 3978 277 3986 .
404 3907 718 4007 apponitur.
796 3905 1087 3979 Euripides
1136 3907 1303 3961 hasce
1354 3907 1796 3964 constructiones
1843 3909 2090 3964 exhibet:
2155 3910 2316 3982 ὕβριν
2363 3910 2622 3985 ὑβρίζειν,

393 3990 535 4059 χοὰς
557 3996 811 4060 χεῖσθαι,
844 3993 1042 4063 λόγους
1075 3993 1274 4063 λέγειν,
1316 3992 1451 4055 ἔπος
1485 3995 1687 4050 εἰπεῖν.
1883 4017 1894 4026 ·
