<?xml version="1.0" encoding="UTF-8"?>
<!DOCTYPE html PUBLIC "-//W3C//DTD XHTML 1.0 Transitional//EN"
    "http://www.w3.org/TR/xhtml1/DTD/xhtml1-transitional.dtd">
<html xmlns="http://www.w3.org/1999/xhtml" xml:lang="en" lang="en">
 <head>
  <title>
</title>
<meta http-equiv="Content-Type" content="text/html;charset=utf-8" />
  <meta name='ocr-system' content='tesseract 3.04.00' />
  <meta name='ocr-capabilities' content='ocr_page ocr_carea ocr_par ocr_line ocrx_word'/>
</head>
<body>
  <div class='ocr_page' id='page_1' title='image "./deobiectiquoddi01gngoog_0031.png"; bbox 0 0 3167 4550; ppageno 0'>
   <div class='ocr_carea' id='block_1_1' title="bbox 1461 315 1538 375">
    <p class='ocr_par' dir='ltr' id='par_1_1' title="bbox 1461 315 1538 375">
     <span class='ocr_line' id='line_1_1' title="bbox 1461 315 1538 375; baseline 0 0"><span class='ocrx_word' id='word_1_1' title='bbox 1461 315 1538 375; x_wconf 90' lang='grc'><strong>27</strong></span> 
     </span>
    </p>
   </div>
   <div class='ocr_carea' id='block_1_2' title="bbox 1277 399 1693 407">
    <p class='ocr_par' dir='ltr' id='par_1_2' title="bbox 1277 399 1693 407">
     <span class='ocr_line' id='line_1_2' title="bbox 1277 399 1693 407; baseline 0.005 -2"><span class='ocrx_word' id='word_1_2' title='bbox 1277 399 1397 406; x_wconf 72' lang='lat'><strong>—-</strong></span> <span class='ocrx_word' id='word_1_3' title='bbox 1424 400 1515 406; x_wconf 69' lang='grc'><strong>.-.---</strong></span> <span class='ocrx_word' id='word_1_4' title='bbox 1530 401 1693 407; x_wconf 73' lang='lat'><strong>-..—</strong></span> 
     </span>
    </p>
   </div>
   <div class='ocr_carea' id='block_1_3' title="bbox 370 485 2648 2993">
    <p class='ocr_par' dir='ltr' id='par_1_3' title="bbox 380 485 2610 675">
     <span class='ocr_line' id='line_1_3' title="bbox 380 485 2610 580; baseline 0 -21"><span class='ocrx_word' id='word_1_5' title='bbox 380 488 579 578; x_wconf 84' lang='grc' dir='ltr'><strong><em>λόγον</em></strong></span> <span class='ocrx_word' id='word_1_6' title='bbox 634 492 1020 580; x_wconf 75' lang='grc' dir='ltr'><strong><em>προφωνεῖν</em></strong></span> <span class='ocrx_word' id='word_1_7' title='bbox 1071 493 1251 558; x_wconf 88' lang='lat' dir='ltr'><strong>Pers.</strong></span> <span class='ocrx_word' id='word_1_8' title='bbox 1296 497 1433 561; x_wconf 83' lang='lat'><strong>363.</strong></span> <span class='ocrx_word' id='word_1_9' title='bbox 1501 486 1667 569; x_wconf 72' lang='grc' dir='ltr'><strong><em>ἔπος</em></strong></span> <span class='ocrx_word' id='word_1_10' title='bbox 1725 485 1966 558; x_wconf 80' lang='grc' dir='ltr'><em>ἀπύειν</em></span> <span class='ocrx_word' id='word_1_11' title='bbox 2016 494 2173 560; x_wconf 89' lang='lat' dir='ltr'><strong>ibid.</strong></span> <span class='ocrx_word' id='word_1_12' title='bbox 2240 499 2400 559; x_wconf 60' lang='lat'><strong>124:</strong></span> <span class='ocrx_word' id='word_1_13' title='bbox 2446 488 2610 571; x_wconf 73' lang='grc' dir='ltr'><strong><em>ἔπος</em></strong></span> 
     </span>
     <span class='ocr_line' id='line_1_4' title="bbox 381 587 1843 675; baseline -0.002 -14"><span class='ocrx_word' id='word_1_14' title='bbox 381 590 591 661; x_wconf 79' lang='grc' dir='ltr'><strong><em>εἰπεῖν</em></strong></span> <span class='ocrx_word' id='word_1_15' title='bbox 632 594 790 660; x_wconf 89' lang='lat' dir='ltr'><strong>ibid.</strong></span> <span class='ocrx_word' id='word_1_16' title='bbox 835 600 970 660; x_wconf 88' lang='lat'><strong>714.</strong></span> <span class='ocrx_word' id='word_1_17' title='bbox 1015 595 1244 672; x_wconf 71' lang='grc' dir='ltr'><strong><em>μῦθον</em></strong></span> <span class='ocrx_word' id='word_1_18' title='bbox 1290 587 1460 675; x_wconf 86' lang='grc' dir='ltr'><strong><em>ἐρεῖν</em></strong></span> <span class='ocrx_word' id='word_1_19' title='bbox 1503 593 1658 660; x_wconf 88' lang='lat' dir='ltr'>ibid.</span> <span class='ocrx_word' id='word_1_20' title='bbox 1708 601 1843 662; x_wconf 86' lang='lat'><strong>161.</strong></span> 
     </span>
    </p>

    <p class='ocr_par' dir='ltr' id='par_1_4' title="bbox 381 692 2611 1169">
     <span class='ocr_line' id='line_1_5' title="bbox 543 692 2608 781; baseline 0 -21"><span class='ocrx_word' id='word_1_21' title='bbox 543 696 738 760; x_wconf 85' lang='lat' dir='ltr'><strong>Notio</strong></span> <span class='ocrx_word' id='word_1_22' title='bbox 783 692 1039 757; x_wconf 82' lang='lat' dir='ltr'><strong>dicendi</strong></span> <span class='ocrx_word' id='word_1_23' title='bbox 1080 692 1185 756; x_wconf 85' lang='lat' dir='ltr'><strong>vel</strong></span> <span class='ocrx_word' id='word_1_24' title='bbox 1232 694 1447 780; x_wconf 86' lang='lat' dir='ltr'><strong>potius</strong></span> <span class='ocrx_word' id='word_1_25' title='bbox 1491 692 1580 776; x_wconf 85' lang='lat' dir='ltr'><strong>id,</strong></span> <span class='ocrx_word' id='word_1_26' title='bbox 1630 694 1806 781; x_wconf 89' lang='lat' dir='ltr'><strong>quod</strong></span> <span class='ocrx_word' id='word_1_27' title='bbox 1849 693 2021 760; x_wconf 84' lang='lat' dir='ltr'><strong>dicto</strong></span> <span class='ocrx_word' id='word_1_28' title='bbox 2071 696 2452 778; x_wconf 81' lang='lat' dir='ltr'><strong>continetur,</strong></span> <span class='ocrx_word' id='word_1_29' title='bbox 2496 697 2608 762; x_wconf 88' lang='lat' dir='ltr'><strong>ubi</strong></span> 
     </span>
     <span class='ocr_line' id='line_1_6' title="bbox 381 792 2611 879; baseline -0 -17"><span class='ocrx_word' id='word_1_30' title='bbox 381 796 744 863; x_wconf 78' lang='lat' dir='ltr'><strong>accuratius</strong></span> <span class='ocrx_word' id='word_1_31' title='bbox 789 793 1120 879; x_wconf 85' lang='lat' dir='ltr'><strong>definitur,</strong></span> <span class='ocrx_word' id='word_1_32' title='bbox 1165 802 1278 857; x_wconf 85' lang='lat' dir='ltr'><strong>aut</strong></span> <span class='ocrx_word' id='word_1_33' title='bbox 1318 792 1590 857; x_wconf 86' lang='lat' dir='ltr'><strong>verbum</strong></span> <span class='ocrx_word' id='word_1_34' title='bbox 1635 795 1878 858; x_wconf 89' lang='lat' dir='ltr'><strong>nomini</strong></span> <span class='ocrx_word' id='word_1_35' title='bbox 1932 804 2280 879; x_wconf 76' lang='lat' dir='ltr'><strong>cognatum</strong></span> <span class='ocrx_word' id='word_1_36' title='bbox 2321 805 2453 878; x_wconf 80' lang='lat' dir='ltr'><strong>est,</strong></span> <span class='ocrx_word' id='word_1_37' title='bbox 2498 806 2611 861; x_wconf 84' lang='lat' dir='ltr'><strong>aut</strong></span> 
     </span>
     <span class='ocr_line' id='line_1_7' title="bbox 383 892 2606 979; baseline 0 -18"><span class='ocrx_word' id='word_1_38' title='bbox 383 896 587 961; x_wconf 85' lang='lat' dir='ltr'><strong>solum</strong></span> <span class='ocrx_word' id='word_1_39' title='bbox 652 894 921 960; x_wconf 88' lang='lat' dir='ltr'><strong>verbum</strong></span> <span class='ocrx_word' id='word_1_40' title='bbox 982 892 1331 979; x_wconf 79' lang='lat' dir='ltr'><strong>specialem</strong></span> <span class='ocrx_word' id='word_1_41' title='bbox 1350 941 1369 974; x_wconf 89' lang='lat'><em>‚</em></span> <span class='ocrx_word' id='word_1_42' title='bbox 1432 901 1506 956; x_wconf 85' lang='lat' dir='ltr'><strong>ut</strong></span> <span class='ocrx_word' id='word_1_43' title='bbox 1546 895 1639 958; x_wconf 80' lang='lat' dir='ltr'><strong>ita</strong></span> <span class='ocrx_word' id='word_1_44' title='bbox 1699 893 1908 958; x_wconf 83' lang='lat' dir='ltr'><strong>dicam</strong></span> <span class='ocrx_word' id='word_1_45' title='bbox 1926 943 1945 975; x_wconf 86' lang='lat'><em>‚</em></span> <span class='ocrx_word' id='word_1_46' title='bbox 2008 896 2331 960; x_wconf 86' lang='lat' dir='ltr'><strong>notionem</strong></span> <span class='ocrx_word' id='word_1_47' title='bbox 2394 894 2606 961; x_wconf 87' lang='lat' dir='ltr'><strong>habet.</strong></span> 
     </span>
     <span class='ocr_line' id='line_1_8' title="bbox 383 992 2609 1081; baseline 0.001 -22"><span class='ocrx_word' id='word_1_48' title='bbox 383 996 652 1081; x_wconf 86' lang='lat' dir='ltr'><strong>Semper</strong></span> <span class='ocrx_word' id='word_1_49' title='bbox 695 996 866 1059; x_wconf 86' lang='lat' dir='ltr'><strong>enim</strong></span> <span class='ocrx_word' id='word_1_50' title='bbox 907 992 1179 1079; x_wconf 84' lang='lat' dir='ltr'><strong>objectO,</strong></span> <span class='ocrx_word' id='word_1_51' title='bbox 1211 1000 1282 1056; x_wconf 87' lang='lat' dir='ltr'><strong>ut</strong></span> <span class='ocrx_word' id='word_1_52' title='bbox 1324 993 1408 1057; x_wconf 82' lang='lat' dir='ltr'><strong>sit</strong></span> <span class='ocrx_word' id='word_1_53' title='bbox 1436 993 1725 1072; x_wconf 71' lang='lat' dir='ltr'><strong>interino,</strong></span> <span class='ocrx_word' id='word_1_54' title='bbox 1765 995 1818 1058; x_wconf 88' lang='lat' dir='ltr'><strong>si</strong></span> <span class='ocrx_word' id='word_1_55' title='bbox 1847 1016 1974 1058; x_wconf 89' lang='lat' dir='ltr'><strong>non</strong></span> <span class='ocrx_word' id='word_1_56' title='bbox 2020 994 2212 1077; x_wconf 82' lang='lat' dir='ltr'><strong>idem,</strong></span> <span class='ocrx_word' id='word_1_57' title='bbox 2242 996 2609 1080; x_wconf 85' lang='lat' dir='ltr'><strong>generalior</strong></span> 
     </span>
     <span class='ocr_line' id='line_1_9' title="bbox 383 1092 1377 1169; baseline -0.002 -10"><span class='ocrx_word' id='word_1_58' title='bbox 383 1117 608 1160; x_wconf 88' lang='lat' dir='ltr'><strong>sensus</strong></span> <span class='ocrx_word' id='word_1_59' title='bbox 645 1094 799 1158; x_wconf 84' lang='lat' dir='ltr'><strong>insit-</strong></span> <span class='ocrx_word' id='word_1_60' title='bbox 840 1114 1106 1156; x_wconf 86' lang='lat' dir='ltr'><strong>nccesse</strong></span> <span class='ocrx_word' id='word_1_61' title='bbox 1147 1100 1245 1157; x_wconf 84' lang='lat' dir='ltr'><strong>est</strong></span> <span class='ocrx_word' id='word_1_62' title='bbox 1280 1092 1377 1169; x_wconf 80' lang='lat'><strong>2⁵).</strong></span> 
     </span>
    </p>

    <p class='ocr_par' dir='ltr' id='par_1_5' title="bbox 374 1187 2648 2573">
     <span class='ocr_line' id='line_1_10' title="bbox 548 1187 2609 1278; baseline 0.003 -23"><span class='ocrx_word' id='word_1_63' title='bbox 548 1187 788 1276; x_wconf 84' lang='grc' dir='ltr'><strong><em>λόγον</em></strong></span> <span class='ocrx_word' id='word_1_64' title='bbox 840 1192 1328 1276; x_wconf 78' lang='grc' dir='ltr'><strong><em>κατηγορεῖν</em></strong></span> <span class='ocrx_word' id='word_1_65' title='bbox 1382 1190 1514 1255; x_wconf 93' lang='lat' dir='ltr'><strong>Ion.</strong></span> <span class='ocrx_word' id='word_1_66' title='bbox 1557 1196 1697 1258; x_wconf 87' lang='grc'><strong>936.</strong></span> <span class='ocrx_word' id='word_1_67' title='bbox 1756 1191 1860 1265; x_wconf 89' lang='lat' dir='ltr'><strong>(cf.</strong></span> <span class='ocrx_word' id='word_1_68' title='bbox 1905 1190 2101 1278; x_wconf 85' lang='lat' dir='ltr'><strong>Soph.</strong></span> <span class='ocrx_word' id='word_1_69' title='bbox 2146 1192 2306 1258; x_wconf 89' lang='lat' dir='ltr'><strong>Oed.</strong></span> <span class='ocrx_word' id='word_1_70' title='bbox 2349 1196 2424 1260; x_wconf 87' lang='lat' dir='ltr'><strong>R.</strong></span> <span class='ocrx_word' id='word_1_71' title='bbox 2469 1202 2609 1263; x_wconf 87' lang='lat'><strong>512.</strong></span> 
     </span>
     <span class='ocr_line' id='line_1_11' title="bbox 381 1281 2607 1380; baseline 0.002 -22"><span class='ocrx_word' id='word_1_72' title='bbox 381 1289 509 1380; x_wconf 72' lang='grc' dir='ltr'><strong>ἔπη</strong></span> <span class='ocrx_word' id='word_1_73' title='bbox 553 1288 738 1356; x_wconf 83' lang='grc' dir='ltr'><strong><em>δεινὰ</em></strong></span> <span class='ocrx_word' id='word_1_74' title='bbox 794 1290 1217 1376; x_wconf 77' lang='grc' dir='ltr'><strong><em>κατηγορεῖν).</em></strong></span> <span class='ocrx_word' id='word_1_75' title='bbox 1288 1284 1436 1373; x_wconf 76' lang='grc' dir='ltr'><strong>ἔπη</strong></span> <span class='ocrx_word' id='word_1_76' title='bbox 1500 1281 1894 1353; x_wconf 74' lang='grc' dir='ltr'><strong><em>ἀπειλεῖν</em></strong></span> <span class='ocrx_word' id='word_1_77' title='bbox 1956 1290 2180 1378; x_wconf 84' lang='lat' dir='ltr'><strong>Suppl.</strong></span> <span class='ocrx_word' id='word_1_78' title='bbox 2228 1299 2366 1361; x_wconf 84' lang='lat'><strong>543.</strong></span> <span class='ocrx_word' id='word_1_79' title='bbox 2427 1296 2607 1373; x_wconf 84' lang='lat' dir='ltr'><strong>(item</strong></span> 
     </span>
     <span class='ocr_line' id='line_1_12' title="bbox 385 1381 2606 1480; baseline 0.001 -21"><span class='ocrx_word' id='word_1_80' title='bbox 385 1393 575 1480; x_wconf 88' lang='lat' dir='ltr'><strong>Soph.</strong></span> <span class='ocrx_word' id='word_1_81' title='bbox 618 1392 722 1458; x_wconf 89' lang='lat' dir='ltr'><strong>Ai.</strong></span> <span class='ocrx_word' id='word_1_82' title='bbox 768 1395 931 1469; x_wconf 88' lang='grc'>312.)</span> <span class='ocrx_word' id='word_1_83' title='bbox 1017 1381 1417 1465; x_wconf 68' lang='grc' dir='ltr'><strong><em>*ὄνειδος</em></strong></span> <span class='ocrx_word' id='word_1_84' title='bbox 1473 1384 2023 1468; x_wconf 75' lang='grc' dir='ltr'><strong><em>ἐξονειδίζειν</em></strong></span> <span class='ocrx_word' id='word_1_85' title='bbox 2073 1388 2214 1477; x_wconf 88' lang='lat' dir='ltr'><strong>Iph.</strong></span> <span class='ocrx_word' id='word_1_86' title='bbox 2263 1392 2408 1458; x_wconf 89' lang='lat' dir='ltr'><strong>Aul.</strong></span> <span class='ocrx_word' id='word_1_87' title='bbox 2456 1400 2606 1461; x_wconf 83' lang='lat'><strong>299:</strong></span> 
     </span>
     <span class='ocr_line' id='line_1_13' title="bbox 381 1481 2606 1576; baseline 0.001 -20"><span class='ocrx_word' id='word_1_88' title='bbox 381 1485 586 1556; x_wconf 84' lang='grc' dir='ltr'><strong><em>καλόν</em></strong></span> <span class='ocrx_word' id='word_1_89' title='bbox 630 1486 704 1575; x_wconf 86' lang='grc' dir='ltr'><strong><em>γε’</em></strong></span> <span class='ocrx_word' id='word_1_90' title='bbox 744 1511 866 1570; x_wconf 89' lang='grc' dir='ltr'><strong>μοι</strong></span> <span class='ocrx_word' id='word_1_91' title='bbox 908 1481 1247 1565; x_wconf 58' lang='grc' dir='ltr'><strong><em>τοῦνειδος</em></strong></span> <span class='ocrx_word' id='word_1_92' title='bbox 1291 1482 1712 1567; x_wconf 75' lang='grc' dir='ltr'><strong><em>ἐξωνείδισας</em></strong></span> <span class='ocrx_word' id='word_1_93' title='bbox 1767 1489 1968 1575; x_wconf 89' lang='lat' dir='ltr'><strong>(apud</strong></span> <span class='ocrx_word' id='word_1_94' title='bbox 2013 1488 2397 1576; x_wconf 86' lang='lat' dir='ltr'><strong>Sophoclem</strong></span> <span class='ocrx_word' id='word_1_95' title='bbox 2459 1497 2606 1559; x_wconf 88' lang='lat' dir='ltr'><strong>sim-</strong></span> 
     </span>
     <span class='ocr_line' id='line_1_14' title="bbox 378 1583 2612 1680; baseline -0 -23"><span class='ocrx_word' id='word_1_96' title='bbox 378 1592 532 1680; x_wconf 85' lang='lat' dir='ltr'><strong>plex</strong></span> <span class='ocrx_word' id='word_1_97' title='bbox 587 1590 861 1656; x_wconf 88' lang='lat' dir='ltr'><strong>verbum</strong></span> <span class='ocrx_word' id='word_1_98' title='bbox 920 1592 1242 1677; x_wconf 83' lang='lat' dir='ltr'><strong>reperitur</strong></span> <span class='ocrx_word' id='word_1_99' title='bbox 1299 1588 1461 1654; x_wconf 90' lang='lat' dir='ltr'><strong>Phil.</strong></span> <span class='ocrx_word' id='word_1_100' title='bbox 1507 1595 1648 1656; x_wconf 88' lang='lat'><strong>522.</strong></span> <span class='ocrx_word' id='word_1_101' title='bbox 1706 1588 1865 1654; x_wconf 85' lang='lat' dir='ltr'><strong>Oed.</strong></span> <span class='ocrx_word' id='word_1_102' title='bbox 1919 1589 2056 1654; x_wconf 85' lang='lat' dir='ltr'><strong>Col.</strong></span> <span class='ocrx_word' id='word_1_103' title='bbox 2102 1595 2268 1669; x_wconf 88' lang='grc'><strong>753).</strong></span> <span class='ocrx_word' id='word_1_104' title='bbox 2346 1593 2385 1635; x_wconf 73' lang='grc'><strong><em>*</em></strong></span> <span class='ocrx_word' id='word_1_105' title='bbox 2408 1583 2612 1675; x_wconf 85' lang='grc' dir='ltr'><strong><em>ἀρὰς</em></strong></span> 
     </span>
     <span class='ocr_line' id='line_1_15' title="bbox 380 1680 2606 1779; baseline 0.002 -26"><span class='ocrx_word' id='word_1_106' title='bbox 380 1683 753 1772; x_wconf 72' lang='grc' dir='ltr'><strong><em>ἀρᾶσθαι</em></strong></span> <span class='ocrx_word' id='word_1_107' title='bbox 811 1689 980 1753; x_wconf 89' lang='lat' dir='ltr'><strong>Med.</strong></span> <span class='ocrx_word' id='word_1_108' title='bbox 1047 1695 1197 1757; x_wconf 83' lang='lat'><strong>604:</strong></span> <span class='ocrx_word' id='word_1_109' title='bbox 1268 1680 1439 1771; x_wconf 84' lang='grc' dir='ltr'><strong><em>ἀρὰς</em></strong></span> <span class='ocrx_word' id='word_1_110' title='bbox 1496 1683 1837 1771; x_wconf 83' lang='grc' dir='ltr'><strong><em>τυράννοις</em></strong></span> <span class='ocrx_word' id='word_1_111' title='bbox 1900 1680 2209 1765; x_wconf 78' lang='grc' dir='ltr'><strong><em>ἀνοσίους</em></strong></span> <span class='ocrx_word' id='word_1_112' title='bbox 2282 1682 2606 1779; x_wconf 80' lang='grc' dir='ltr'><strong><em>ἀρωμένη.</em></strong></span> 
     </span>
     <span class='ocr_line' id='line_1_16' title="bbox 377 1779 2604 1872; baseline 0.001 -15"><span class='ocrx_word' id='word_1_113' title='bbox 377 1791 615 1857; x_wconf 85' lang='lat' dir='ltr'><strong>Phoen.</strong></span> <span class='ocrx_word' id='word_1_114' title='bbox 659 1796 769 1857; x_wconf 84' lang='lat'><strong>67:</strong></span> <span class='ocrx_word' id='word_1_115' title='bbox 839 1779 1007 1870; x_wconf 82' lang='grc' dir='ltr'><strong><em>ἀρὰς</em></strong></span> <span class='ocrx_word' id='word_1_116' title='bbox 1057 1779 1303 1872; x_wconf 81' lang='grc' dir='ltr'><strong><em>ἀρᾶται</em></strong></span> <span class='ocrx_word' id='word_1_117' title='bbox 1359 1784 1594 1852; x_wconf 81' lang='grc' dir='ltr'><strong><em>παισὶν</em></strong></span> <span class='ocrx_word' id='word_1_118' title='bbox 1649 1780 2099 1864; x_wconf 74' lang='grc' dir='ltr'><strong><em>ἀνοσιωτάτας</em></strong></span> <span class='ocrx_word' id='word_1_119' title='bbox 2164 1790 2266 1867; x_wconf 87' lang='lat' dir='ltr'><strong>(cf.</strong></span> <span class='ocrx_word' id='word_1_120' title='bbox 2324 1791 2486 1857; x_wconf 79' lang='lat' dir='ltr'><strong>Oed.</strong></span> <span class='ocrx_word' id='word_1_121' title='bbox 2534 1795 2604 1861; x_wconf 81' lang='lat' dir='ltr'><strong>C.</strong></span> 
     </span>
     <span class='ocr_line' id='line_1_17' title="bbox 378 1879 2603 1976; baseline -0.001 -18"><span class='ocrx_word' id='word_1_122' title='bbox 378 1897 517 1958; x_wconf 87' lang='lat'><strong>951.</strong></span> <span class='ocrx_word' id='word_1_123' title='bbox 556 1881 864 1972; x_wconf 71' lang='grc' dir='ltr'><strong><em>ἀρᾶσθαι</em></strong></span> <span class='ocrx_word' id='word_1_124' title='bbox 911 1885 1157 1971; x_wconf 80' lang='grc' dir='ltr'><strong><em>πικρὰς</em></strong></span> <span class='ocrx_word' id='word_1_125' title='bbox 1193 1880 1370 1970; x_wconf 87' lang='grc' dir='ltr'><strong><em>ἀράς.</em></strong></span> <span class='ocrx_word' id='word_1_126' title='bbox 1433 1887 1584 1954; x_wconf 84' lang='lat' dir='ltr'><strong>Ant.</strong></span> <span class='ocrx_word' id='word_1_127' title='bbox 1627 1894 1766 1955; x_wconf 92' lang='lat'><strong>427.</strong></span> <span class='ocrx_word' id='word_1_128' title='bbox 1822 1879 2122 1969; x_wconf 79' lang='grc' dir='ltr'><strong><em>ἀρᾶσθαι</em></strong></span> <span class='ocrx_word' id='word_1_129' title='bbox 2164 1886 2378 1967; x_wconf 81' lang='grc' dir='ltr'><strong><em>κακὰς</em></strong></span> <span class='ocrx_word' id='word_1_130' title='bbox 2419 1885 2603 1976; x_wconf 87' lang='grc' dir='ltr'><strong><em>ἀράς.</em></strong></span> 
     </span>
     <span class='ocr_line' id='line_1_18' title="bbox 376 1978 2603 2077; baseline 0.002 -22"><span class='ocrx_word' id='word_1_131' title='bbox 376 1989 477 2055; x_wconf 86' lang='grc' dir='ltr'><strong>ΕΙ.</strong></span> <span class='ocrx_word' id='word_1_132' title='bbox 507 1995 644 2057; x_wconf 89' lang='grc'><strong>388.</strong></span> <span class='ocrx_word' id='word_1_133' title='bbox 689 1982 889 2070; x_wconf 86' lang='grc' dir='ltr'><strong><em>λόγον</em></strong></span> <span class='ocrx_word' id='word_1_134' title='bbox 917 1982 1351 2073; x_wconf 78' lang='grc' dir='ltr'><strong><em>ἐπαρᾶσθαι).</em></strong></span> <span class='ocrx_word' id='word_1_135' title='bbox 1438 1989 1477 2031; x_wconf 77' lang='grc'><em>*</em></span> <span class='ocrx_word' id='word_1_136' title='bbox 1502 1980 1747 2067; x_wconf 81' lang='grc' dir='ltr'><strong><em>εὐχὰς</em></strong></span> <span class='ocrx_word' id='word_1_137' title='bbox 1790 1978 1919 2063; x_wconf 70' lang='grc' dir='ltr'><strong><em>εὕχ</em></strong></span> <span class='ocrx_word' id='word_1_138' title='bbox 1936 1990 2186 2053; x_wconf 77' lang='grc' dir='ltr'><strong><em>εσθαι</em></strong></span> <span class='ocrx_word' id='word_1_139' title='bbox 2229 1989 2371 2077; x_wconf 91' lang='lat' dir='ltr'><strong>Iph.</strong></span> <span class='ocrx_word' id='word_1_140' title='bbox 2403 1992 2603 2060; x_wconf 87' lang='lat' dir='ltr'><strong>Taur.</strong></span> 
     </span>
     <span class='ocr_line' id='line_1_19' title="bbox 378 2079 2604 2175; baseline 0 -20"><span class='ocrx_word' id='word_1_141' title='bbox 378 2094 516 2155; x_wconf 88' lang='grc'><strong>617.</strong></span> <span class='ocrx_word' id='word_1_142' title='bbox 554 2081 839 2169; x_wconf 87' lang='grc' dir='ltr'><strong><em>μάταιον</em></strong></span> <span class='ocrx_word' id='word_1_143' title='bbox 879 2079 1067 2175; x_wconf 73' lang='grc' dir='ltr'><strong><em>εὐχὴν</em></strong></span> <span class='ocrx_word' id='word_1_144' title='bbox 1106 2125 1187 2135; x_wconf 96' lang='grc'><strong>-</strong></span> <span class='ocrx_word' id='word_1_145' title='bbox 1231 2079 1424 2173; x_wconf 62' lang='grc' dir='ltr'><strong><em>ηὔξω.</em></strong></span> <span class='ocrx_word' id='word_1_146' title='bbox 1484 2088 1589 2167; x_wconf 89' lang='lat' dir='ltr'><strong>(cf.</strong></span> <span class='ocrx_word' id='word_1_147' title='bbox 1639 2086 1833 2174; x_wconf 85' lang='lat' dir='ltr'><strong>Soph.</strong></span> <span class='ocrx_word' id='word_1_148' title='bbox 1876 2086 2038 2153; x_wconf 85' lang='lat' dir='ltr'><strong>Oed.</strong></span> <span class='ocrx_word' id='word_1_149' title='bbox 2084 2088 2153 2155; x_wconf 81' lang='lat' dir='ltr'><strong>C.</strong></span> <span class='ocrx_word' id='word_1_150' title='bbox 2202 2096 2344 2158; x_wconf 87' lang='lat'><strong>484.</strong></span> <span class='ocrx_word' id='word_1_151' title='bbox 2405 2087 2604 2156; x_wconf 84' lang='grc' dir='ltr'><strong><em>ἐπεύ-</em></strong></span> 
     </span>
     <span class='ocr_line' id='line_1_20' title="bbox 375 2177 2603 2275; baseline 0.003 -25"><span class='ocrx_word' id='word_1_152' title='bbox 375 2190 621 2266; x_wconf 75' lang='grc' dir='ltr'><strong><em>χεσθαι</em></strong></span> <span class='ocrx_word' id='word_1_153' title='bbox 657 2182 859 2263; x_wconf 84' lang='grc' dir='ltr'><strong><em>λιτάς.</em></strong></span> <span class='ocrx_word' id='word_1_154' title='bbox 902 2187 1136 2253; x_wconf 86' lang='lat' dir='ltr'><strong>Aesch.</strong></span> <span class='ocrx_word' id='word_1_155' title='bbox 1170 2186 1395 2275; x_wconf 82' lang='lat' dir='ltr'><strong>Suppl.</strong></span> <span class='ocrx_word' id='word_1_156' title='bbox 1445 2193 1621 2255; x_wconf 88' lang='grc'><strong>1060.</strong></span> <span class='ocrx_word' id='word_1_157' title='bbox 1666 2177 1984 2264; x_wconf 59' lang='grc' dir='ltr'><strong><em>εὔχεσθαι</em></strong></span> <span class='ocrx_word' id='word_1_158' title='bbox 2012 2180 2218 2268; x_wconf 76' lang='grc' dir='ltr'><strong><em>ἔπος).</em></strong></span> <span class='ocrx_word' id='word_1_159' title='bbox 2263 2189 2301 2233; x_wconf 70' lang='grc'><em>*</em></span> <span class='ocrx_word' id='word_1_160' title='bbox 2324 2188 2603 2256; x_wconf 74' lang='grc' dir='ltr'><strong><em>πειθώ</em></strong></span> 
     </span>
     <span class='ocr_line' id='line_1_21' title="bbox 379 2278 2604 2371; baseline 0.003 -20"><span class='ocrx_word' id='word_1_161' title='bbox 379 2282 725 2353; x_wconf 77' lang='grc' dir='ltr'><strong><em>πείθειν</em></strong></span> <span class='ocrx_word' id='word_1_162' title='bbox 767 2288 981 2355; x_wconf 85' lang='lat' dir='ltr'><strong>Orest.</strong></span> <span class='ocrx_word' id='word_1_163' title='bbox 1030 2295 1201 2357; x_wconf 86' lang='lat'><strong>1620.</strong></span> <span class='ocrx_word' id='word_1_164' title='bbox 1270 2278 1459 2350; x_wconf 72' lang='grc' dir='ltr'><strong><em>πεῖθ’</em></strong></span> <span class='ocrx_word' id='word_1_165' title='bbox 1509 2283 1577 2363; x_wconf 91' lang='grc' dir='ltr'><strong><em>ἐς</em></strong></span> <span class='ocrx_word' id='word_1_166' title='bbox 1612 2279 1943 2371; x_wconf 81' lang='grc' dir='ltr'><strong><em>Ἀργείους</em></strong></span> <span class='ocrx_word' id='word_1_167' title='bbox 1981 2284 2211 2370; x_wconf 80' lang='grc' dir='ltr'><strong><em>μολὼν</em></strong></span> <span class='ocrx_word' id='word_1_168' title='bbox 2253 2327 2332 2337; x_wconf 90' lang='lat'><strong>-—</strong></span> <span class='ocrx_word' id='word_1_169' title='bbox 2375 2289 2604 2357; x_wconf 74' lang='grc' dir='ltr'><strong><em>πειθώ</em></strong></span> 
     </span>
     <span class='ocr_line' id='line_1_22' title="bbox 377 2380 2648 2477; baseline 0.002 -26"><span class='ocrx_word' id='word_1_170' title='bbox 377 2381 542 2465; x_wconf 78' lang='grc' dir='ltr'><strong><em>τίν’,·</em></strong></span> <span class='ocrx_word' id='word_1_171' title='bbox 606 2382 1034 2473; x_wconf 76' lang='grc' dir='ltr'><strong><em>*χρησμὸν</em></strong></span> <span class='ocrx_word' id='word_1_172' title='bbox 1091 2387 1384 2474; x_wconf 83' lang='grc' dir='ltr'><strong><em>χρῆσαι</em></strong></span> <span class='ocrx_word' id='word_1_173' title='bbox 1448 2386 1694 2453; x_wconf 80' lang='lat' dir='ltr'><strong>Phoen.</strong></span> <span class='ocrx_word' id='word_1_174' title='bbox 1759 2396 1897 2457; x_wconf 88' lang='lat'><strong>410.</strong></span> <span class='ocrx_word' id='word_1_175' title='bbox 1984 2380 2201 2476; x_wconf 57' lang='lat'><strong>3569270&#39;</strong></span> <span class='ocrx_word' id='word_1_176' title='bbox 2265 2382 2648 2477; x_wconf 58' lang='lat' dir='ltr'><strong>&#39;Medum</strong></span> 
     </span>
     <span class='ocr_line' id='line_1_23' title="bbox 374 2481 1167 2573; baseline 0.001 -21"><span class='ocrx_word' id='word_1_177' title='bbox 374 2481 639 2568; x_wconf 85' lang='grc' dir='ltr'><strong><em>Λοξίας</em></strong></span> <span class='ocrx_word' id='word_1_178' title='bbox 673 2481 962 2573; x_wconf 81' lang='grc' dir='ltr'><strong><em>χρησμόν</em></strong></span> <span class='ocrx_word' id='word_1_179' title='bbox 1000 2508 1167 2553; x_wconf 87' lang='grc' dir='ltr'><strong><em>τινα.</em></strong></span> 
     </span>
    </p>

    <p class='ocr_par' dir='ltr' id='par_1_6' title="bbox 370 2597 2608 2993">
     <span class='ocr_line' id='line_1_24' title="bbox 539 2597 2608 2690; baseline 0.002 -22"><span class='ocrx_word' id='word_1_180' title='bbox 539 2604 968 2669; x_wconf 82' lang='lat' dir='ltr'><strong>Excludenda</strong></span> <span class='ocrx_word' id='word_1_181' title='bbox 1031 2603 1114 2669; x_wconf 94' lang='lat' dir='ltr'><strong>ab</strong></span> <span class='ocrx_word' id='word_1_182' title='bbox 1186 2602 1438 2690; x_wconf 84' lang='lat' dir='ltr'><strong>objecto</strong></span> <span class='ocrx_word' id='word_1_183' title='bbox 1498 2604 1806 2668; x_wconf 83' lang='lat' dir='ltr'><strong>interiore</strong></span> <span class='ocrx_word' id='word_1_184' title='bbox 1873 2603 2036 2668; x_wconf 89' lang='lat' dir='ltr'><strong>haec</strong></span> <span class='ocrx_word' id='word_1_185' title='bbox 2100 2615 2272 2671; x_wconf 86' lang='lat' dir='ltr'><strong>sunt:</strong></span> <span class='ocrx_word' id='word_1_186' title='bbox 2345 2597 2608 2685; x_wconf 72' lang='grc' dir='ltr'><strong><em>ὄνειδος</em></strong></span> 
     </span>
     <span class='ocr_line' id='line_1_25' title="bbox 376 2694 2608 2789; baseline 0.001 -20"><span class='ocrx_word' id='word_1_187' title='bbox 376 2700 548 2788; x_wconf 88' lang='grc' dir='ltr'><strong><em>ἐρεῖν</em></strong></span> <span class='ocrx_word' id='word_1_188' title='bbox 608 2704 849 2768; x_wconf 84' lang='lat' dir='ltr'><strong>Troad.</strong></span> <span class='ocrx_word' id='word_1_189' title='bbox 909 2708 1047 2771; x_wconf 89' lang='lat'><strong>846.</strong></span> <span class='ocrx_word' id='word_1_190' title='bbox 1138 2694 1308 2788; x_wconf 82' lang='grc' dir='ltr'><strong><em>ἀρὰς</em></strong></span> <span class='ocrx_word' id='word_1_191' title='bbox 1370 2697 1798 2789; x_wconf 77' lang='grc' dir='ltr'><strong><em>φθέγγεσθαι</em></strong></span> <span class='ocrx_word' id='word_1_192' title='bbox 1866 2704 2105 2769; x_wconf 88' lang='lat' dir='ltr'><strong>Phoen.</strong></span> <span class='ocrx_word' id='word_1_193' title='bbox 2167 2712 2305 2773; x_wconf 88' lang='lat'><strong>475.</strong></span> <span class='ocrx_word' id='word_1_194' title='bbox 2413 2699 2608 2786; x_wconf 79' lang='grc' dir='ltr'><strong><em>εὐχὰς</em></strong></span> 
     </span>
     <span class='ocr_line' id='line_1_26' title="bbox 375 2795 2605 2890; baseline 0.003 -23"><span class='ocrx_word' id='word_1_195' title='bbox 375 2800 545 2888; x_wconf 83' lang='grc' dir='ltr'><strong><em>ἐρεῖν</em></strong></span> <span class='ocrx_word' id='word_1_196' title='bbox 601 2802 746 2890; x_wconf 90' lang='lat' dir='ltr'><strong>Iph.</strong></span> <span class='ocrx_word' id='word_1_197' title='bbox 799 2802 945 2870; x_wconf 92' lang='lat' dir='ltr'><strong>Aul.</strong></span> <span class='ocrx_word' id='word_1_198' title='bbox 1008 2808 1184 2871; x_wconf 87' lang='lat'><strong>1187.</strong></span> <span class='ocrx_word' id='word_1_199' title='bbox 1248 2795 1685 2887; x_wconf 80' lang='grc' dir='ltr'><strong><em>βλασφημίαν</em></strong></span> <span class='ocrx_word' id='word_1_200' title='bbox 1741 2799 2173 2888; x_wconf 73' lang='grc' dir='ltr'><strong><em>φθέγγεσθαι</em></strong></span> <span class='ocrx_word' id='word_1_201' title='bbox 2230 2805 2369 2872; x_wconf 89' lang='lat' dir='ltr'><strong>Ion.</strong></span> <span class='ocrx_word' id='word_1_202' title='bbox 2431 2813 2605 2875; x_wconf 86' lang='lat'><strong>1204.</strong></span> 
     </span>
     <span class='ocr_line' id='line_1_27' title="bbox 370 2893 2201 2993; baseline 0 -26"><span class='ocrx_word' id='word_1_203' title='bbox 370 2900 637 2993; x_wconf 82' lang='grc' dir='ltr'><strong><em>μέμψιν</em></strong></span> <span class='ocrx_word' id='word_1_204' title='bbox 675 2895 887 2966; x_wconf 80' lang='grc' dir='ltr'><strong><em>εἰπεῖν</em></strong></span> <span class='ocrx_word' id='word_1_205' title='bbox 927 2902 1118 2968; x_wconf 89' lang='lat' dir='ltr'><strong>Rhes.</strong></span> <span class='ocrx_word' id='word_1_206' title='bbox 1158 2911 1255 2969; x_wconf 88' lang='lat'><strong>51.</strong></span> <span class='ocrx_word' id='word_1_207' title='bbox 1300 2897 1583 2988; x_wconf 82' lang='grc' dir='ltr'><strong><em>μόμφὰν</em></strong></span> <span class='ocrx_word' id='word_1_208' title='bbox 1627 2893 1840 2965; x_wconf 81' lang='grc' dir='ltr'><strong><em>αὐδᾶν</em></strong></span> <span class='ocrx_word' id='word_1_209' title='bbox 1878 2901 2015 2978; x_wconf 81' lang='lat' dir='ltr'><strong>Ion.</strong></span> <span class='ocrx_word' id='word_1_210' title='bbox 2063 2907 2201 2972; x_wconf 87' lang='grc'><strong>893.</strong></span> 
     </span>
    </p>
   </div>
   <div class='ocr_carea' id='block_1_4' title="bbox 374 3018 2602 3605">
    <p class='ocr_par' dir='ltr' id='par_1_7' title="bbox 374 3018 2602 3605">
     <span class='ocr_line' id='line_1_28' title="bbox 535 3018 2602 3107; baseline 0.001 -21"><span class='ocrx_word' id='word_1_211' title='bbox 535 3021 764 3106; x_wconf 84' lang='lat' dir='ltr'><strong>Longe</strong></span> <span class='ocrx_word' id='word_1_212' title='bbox 810 3018 996 3084; x_wconf 81' lang='lat' dir='ltr'><strong>aliter</strong></span> <span class='ocrx_word' id='word_1_213' title='bbox 1035 3042 1140 3083; x_wconf 90' lang='lat' dir='ltr'><strong>res</strong></span> <span class='ocrx_word' id='word_1_214' title='bbox 1187 3042 1257 3084; x_wconf 87' lang='lat' dir='ltr'><strong>se</strong></span> <span class='ocrx_word' id='word_1_215' title='bbox 1282 3019 1498 3102; x_wconf 84' lang='lat' dir='ltr'><strong>habet,</strong></span> <span class='ocrx_word' id='word_1_216' title='bbox 1529 3019 1643 3084; x_wconf 90' lang='lat' dir='ltr'><strong>ubi</strong></span> <span class='ocrx_word' id='word_1_217' title='bbox 1687 3020 1904 3105; x_wconf 86' lang='lat' dir='ltr'><strong>agitur</strong></span> <span class='ocrx_word' id='word_1_218' title='bbox 1951 3041 2081 3084; x_wconf 89' lang='lat' dir='ltr'><strong>non</strong></span> <span class='ocrx_word' id='word_1_219' title='bbox 2121 3020 2200 3086; x_wconf 90' lang='lat' dir='ltr'><strong>de</strong></span> <span class='ocrx_word' id='word_1_220' title='bbox 2241 3043 2479 3107; x_wconf 89' lang='lat' dir='ltr'><strong>genere</strong></span> <span class='ocrx_word' id='word_1_221' title='bbox 2523 3046 2602 3089; x_wconf 88' lang='lat' dir='ltr'><strong>ac</strong></span> 
     </span>
     <span class='ocr_line' id='line_1_29' title="bbox 375 3117 2600 3209; baseline 0 -23"><span class='ocrx_word' id='word_1_222' title='bbox 375 3123 608 3209; x_wconf 85' lang='lat' dir='ltr'><strong>specie,</strong></span> <span class='ocrx_word' id='word_1_223' title='bbox 656 3118 768 3184; x_wconf 84' lang='lat' dir='ltr'><strong>sed</strong></span> <span class='ocrx_word' id='word_1_224' title='bbox 811 3117 891 3182; x_wconf 85' lang='lat' dir='ltr'><strong>de</strong></span> <span class='ocrx_word' id='word_1_225' title='bbox 933 3121 1210 3196; x_wconf 85' lang='lat' dir='ltr'><strong>notione,</strong></span> <span class='ocrx_word' id='word_1_226' title='bbox 1274 3141 1439 3206; x_wconf 88' lang='lat' dir='ltr'><strong>quae</strong></span> <span class='ocrx_word' id='word_1_227' title='bbox 1484 3118 1758 3201; x_wconf 85' lang='lat' dir='ltr'><strong>dicitur,</strong></span> <span class='ocrx_word' id='word_1_228' title='bbox 1823 3118 2165 3206; x_wconf 86' lang='lat' dir='ltr'><strong>adjuncta,</strong></span> <span class='ocrx_word' id='word_1_229' title='bbox 2225 3142 2420 3206; x_wconf 88' lang='lat' dir='ltr'><strong>quam</strong></span> <span class='ocrx_word' id='word_1_230' title='bbox 2465 3146 2600 3187; x_wconf 84' lang='lat' dir='ltr'><strong>sae—</strong></span> 
     </span>
     <span class='ocr_line' id='line_1_30' title="bbox 376 3217 2600 3306; baseline 0.002 -23"><span class='ocrx_word' id='word_1_231' title='bbox 376 3221 674 3306; x_wconf 84' lang='lat' dir='ltr'><strong>pissime,</strong></span> <span class='ocrx_word' id='word_1_232' title='bbox 715 3219 1101 3305; x_wconf 83' lang='lat' dir='ltr'><strong>praesertim</strong></span> <span class='ocrx_word' id='word_1_233' title='bbox 1143 3220 1211 3282; x_wconf 93' lang='lat' dir='ltr'><strong>in</strong></span> <span class='ocrx_word' id='word_1_234' title='bbox 1254 3217 1603 3282; x_wconf 85' lang='lat' dir='ltr'><strong>audaciore</strong></span> <span class='ocrx_word' id='word_1_235' title='bbox 1657 3240 1952 3282; x_wconf 84' lang='lat' dir='ltr'><strong>sermone</strong></span> <span class='ocrx_word' id='word_1_236' title='bbox 2007 3221 2297 3306; x_wconf 65' lang='lat' dir='ltr'><strong>poetico,</strong></span> <span class='ocrx_word' id='word_1_237' title='bbox 2353 3222 2600 3287; x_wconf 88' lang='lat' dir='ltr'><strong>inveni-</strong></span> 
     </span>
     <span class='ocr_line' id='line_1_31' title="bbox 374 3316 2594 3408; baseline 0.002 -27"><span class='ocrx_word' id='word_1_238' title='bbox 374 3341 514 3382; x_wconf 88' lang='lat' dir='ltr'><strong>mus</strong></span> <span class='ocrx_word' id='word_1_239' title='bbox 558 3320 626 3382; x_wconf 92' lang='lat' dir='ltr'><strong>in</strong></span> <span class='ocrx_word' id='word_1_240' title='bbox 667 3318 1000 3383; x_wconf 90' lang='lat' dir='ltr'><strong>nominum</strong></span> <span class='ocrx_word' id='word_1_241' title='bbox 1042 3317 1518 3404; x_wconf 89' lang='lat' dir='ltr'><strong>verborumque</strong></span> <span class='ocrx_word' id='word_1_242' title='bbox 1566 3316 1912 3402; x_wconf 87' lang='lat' dir='ltr'><strong>clamandi,</strong></span> <span class='ocrx_word' id='word_1_243' title='bbox 1954 3318 2231 3403; x_wconf 85' lang='lat' dir='ltr'><strong>ridendi,</strong></span> <span class='ocrx_word' id='word_1_244' title='bbox 2292 3320 2594 3408; x_wconf 88' lang='lat' dir='ltr'><strong>ejulandi,</strong></span> 
     </span>
     <span class='ocr_line' id='line_1_32' title="bbox 374 3414 2599 3503; baseline 0.004 -25"><span class='ocrx_word' id='word_1_245' title='bbox 374 3414 792 3500; x_wconf 85' lang='lat' dir='ltr'><strong>lamentandi,</strong></span> <span class='ocrx_word' id='word_1_246' title='bbox 823 3415 1098 3480; x_wconf 84' lang='lat' dir='ltr'><strong>canendi</strong></span> <span class='ocrx_word' id='word_1_247' title='bbox 1142 3416 1722 3503; x_wconf 83' lang='lat' dir='ltr'><strong>conjunctionibus,</strong></span> <span class='ocrx_word' id='word_1_248' title='bbox 1810 3417 1996 3498; x_wconf 76' lang='lat' dir='ltr'><strong>Quae</strong></span> <span class='ocrx_word' id='word_1_249' title='bbox 2041 3420 2179 3484; x_wconf 85' lang='lat' dir='ltr'><strong>sive</strong></span> <span class='ocrx_word' id='word_1_250' title='bbox 2219 3419 2421 3487; x_wconf 86' lang='lat' dir='ltr'><strong>verbo</strong></span> <span class='ocrx_word' id='word_1_251' title='bbox 2463 3424 2599 3488; x_wconf 86' lang='lat' dir='ltr'><strong>sive</strong></span> 
     </span>
     <span class='ocr_line' id='line_1_33' title="bbox 374 3513 2483 3605; baseline 0.003 -26"><span class='ocrx_word' id='word_1_252' title='bbox 374 3513 624 3603; x_wconf 84' lang='lat' dir='ltr'><strong>objecto</strong></span> <span class='ocrx_word' id='word_1_253' title='bbox 669 3519 808 3582; x_wconf 84' lang='lat' dir='ltr'><strong>sive</strong></span> <span class='ocrx_word' id='word_1_254' title='bbox 851 3515 1107 3602; x_wconf 83' lang='lat' dir='ltr'><strong>utrique</strong></span> <span class='ocrx_word' id='word_1_255' title='bbox 1149 3516 1336 3597; x_wconf 85' lang='lat' dir='ltr'><strong>inest,</strong></span> <span class='ocrx_word' id='word_1_256' title='bbox 1382 3515 1709 3603; x_wconf 86' lang='lat' dir='ltr'><strong>objectum</strong></span> <span class='ocrx_word' id='word_1_257' title='bbox 1755 3539 2011 3605; x_wconf 84' lang='lat' dir='ltr'><strong>semper</strong></span> <span class='ocrx_word' id='word_1_258' title='bbox 2058 3528 2157 3584; x_wconf 81' lang='lat' dir='ltr'><strong>est</strong></span> <span class='ocrx_word' id='word_1_259' title='bbox 2197 3519 2483 3587; x_wconf 81' lang='lat' dir='ltr'><strong>interius,</strong></span> 
     </span>
    </p>
   </div>
   <div class='ocr_carea' id='block_1_5' title="bbox 376 3672 790 3681">
    <p class='ocr_par' dir='ltr' id='par_1_8' title="bbox 376 3672 790 3681">
     <span class='ocr_line' id='line_1_34' title="bbox 376 3672 790 3681; baseline 0 869"><span class='ocrx_word' id='word_1_260' title='bbox 376 3672 790 3681; x_wconf 95' lang='lat' dir='ltr'><strong> </strong></span> 
     </span>
    </p>
   </div>
   <div class='ocr_carea' id='block_1_6' title="bbox 508 3749 1757 4077">
    <p class='ocr_par' dir='ltr' id='par_1_9' title="bbox 508 3749 1757 4077">
     <span class='ocr_line' id='line_1_35' title="bbox 508 3749 1757 3823; baseline 0.001 -18"><span class='ocrx_word' id='word_1_261' title='bbox 508 3752 594 3819; x_wconf 88' lang='lat'><strong>25)</strong></span> <span class='ocrx_word' id='word_1_262' title='bbox 628 3750 823 3823; x_wconf 80' lang='lat' dir='ltr'><strong>Itaque</strong></span> <span class='ocrx_word' id='word_1_263' title='bbox 860 3752 967 3806; x_wconf 89' lang='lat' dir='ltr'><strong>hoc</strong></span> <span class='ocrx_word' id='word_1_264' title='bbox 1002 3751 1225 3805; x_wconf 85' lang='lat' dir='ltr'><strong>schema</strong></span> <span class='ocrx_word' id='word_1_265' title='bbox 1257 3749 1611 3803; x_wconf 78' lang='lat' dir='ltr'><strong>statuendum</strong></span> <span class='ocrx_word' id='word_1_266' title='bbox 1649 3757 1757 3806; x_wconf 84' lang='lat' dir='ltr'><strong>est:</strong></span> 
     </span>
     <span class='ocr_line' id='line_1_36' title="bbox 622 3834 1686 3974; baseline 0.004 -54"><span class='ocrx_word' id='word_1_267' title='bbox 622 3869 628 3874; x_wconf 79' lang='grc'><strong>’</strong></span> <span class='ocrx_word' id='word_1_268' title='bbox 705 3836 843 3938; x_wconf 56' lang='grc' dir='ltr'><strong>ἀῗὰς</strong></span> <span class='ocrx_word' id='word_1_269' title='bbox 878 3834 1132 3939; x_wconf 54' lang='lat' dir='ltr'><strong>&amp;paeone</strong></span> <span class='ocrx_word' id='word_1_270' title='bbox 1220 3837 1247 3974; x_wconf 70' lang='lat'>}</span> <span class='ocrx_word' id='word_1_271' title='bbox 1285 3866 1486 3937; x_wconf 74' lang='lat' dir='ltr'><strong>object..</strong></span> <span class='ocrx_word' id='word_1_272' title='bbox 1521 3867 1686 3925; x_wconf 84' lang='lat' dir='ltr'><strong>inter.</strong></span> 
     </span>
     <span class='ocr_line' id='line_1_37' title="bbox 704 3922 1159 3990; baseline -0.002 -18"><span class='ocrx_word' id='word_1_273' title='bbox 704 3922 873 3989; x_wconf 78' lang='grc' dir='ltr'><strong><em>λογον</em></strong></span> <span class='ocrx_word' id='word_1_274' title='bbox 909 3924 1159 3990; x_wconf 73' lang='grc' dir='ltr'><strong><em>αρασθαι</em></strong></span> 
     </span>
     <span class='ocr_line' id='line_1_38' title="bbox 705 4003 1496 4077; baseline 0 -19"><span class='ocrx_word' id='word_1_275' title='bbox 705 4003 843 4077; x_wconf 78' lang='grc' dir='ltr'><strong><em>ἀρὰς</em></strong></span> <span class='ocrx_word' id='word_1_276' title='bbox 876 4007 1059 4075; x_wconf 76' lang='grc' dir='ltr'><strong><em>λέγειν</em></strong></span> <span class='ocrx_word' id='word_1_277' title='bbox 1094 4003 1293 4076; x_wconf 84' lang='lat' dir='ltr'><strong>object.</strong></span> <span class='ocrx_word' id='word_1_278' title='bbox 1331 4006 1496 4058; x_wconf 79' lang='lat' dir='ltr'><strong>exter.</strong></span> 
     </span>
    </p>
   </div>
  </div>
 </body>
</html>
