3167 4550
1662 326 1744 391 40

589 505 759 572 habe
799 505 906 571 ich
946 527 1031 571 an
1072 504 1177 570 dir
1231 504 1510 591 gethan).
1614 507 1801 588 Quae
1859 508 1914 572 si
1971 525 2424 593 comparamus
2474 527 2619 570 cum
2672 505 2801 571 isto

591 605 898 693 Sophocli
941 604 1114 689 loco,
1168 604 1403 692 Naupl.
1447 605 1524 670 fr.
1568 611 1707 674 396.
1752 600 1989 693 ἐφεῦρε
2046 597 2798 694 σταθμῶν-εὑρήματα,

588 728 812 771 verum
861 705 1182 793 objectum
1224 705 1516 769 interiori
1556 705 1970 793 subjungitur
2013 726 2171 770 casu
2226 706 2546 790 genetivo.
2640 703 2800 770 Inde

586 804 688 888 fit,
748 814 822 869 ut
874 803 1124 891 objecto
1182 805 1491 869 interiore
1542 826 1738 891 saepe
1789 807 1938 892 ipsa
1992 826 2099 869 res
2118 853 2136 886 ,
2199 806 2268 869 in
2330 826 2522 892 quam
2565 805 2801 868 transit

588 906 756 969 actio
799 904 1019 985 verbi,
1087 903 1486 989 significetur
1549 897 1864 987 (ὕβρισμα
1925 904 2134 970 Orest.
2207 907 2395 986 1038,
2420 896 2430 906 ⁸
2459 897 2798 986 νύμφευμα

587 1002 828 1067 Troad.
864 1007 982 1069 420
1029 1009 1191 1081 etc.).
1279 1001 1473 1083 Quod
1515 1004 1571 1068 si
1615 1025 1760 1068 cum
1802 1003 2004 1068 verbo
2046 1011 2321 1089 cognato
2368 1003 2796 1089 conjungitur,

589 1102 910 1190 objectum
940 1111 1039 1167 est
1068 1107 1372 1185 exterius,
1418 1102 1523 1165 cui
1551 1124 1697 1167 cum
1738 1103 2045 1168 interiore
2086 1101 2179 1166 nil
2221 1102 2348 1166 nisi
2388 1100 2602 1166 forma
2630 1122 2797 1168 com·

585 1204 797 1266 munis
841 1211 957 1266 est.
1042 1200 1387 1288 Objectum
1431 1202 1619 1285 enim,
1666 1200 1841 1292 quod
1885 1223 2119 1288 reapse
2159 1200 2461 1286 fingimus
2517 1208 2797 1283 exstare,

585 1303 963 1388 priusquam
1007 1301 1220 1387 coepit
1259 1299 1445 1365 verbi
1491 1301 1682 1383 actio,
1721 1300 1991 1366 interius
2034 1299 2210 1366 nullo
2250 1300 2441 1367 modo
2470 1308 2584 1368 est.
2638 1299 2798 1364 Inde

585 1400 1023 1466 dubitationes
1085 1399 1234 1464 illae
1299 1399 1380 1464 de
1439 1399 1810 1466 nominibus
1862 1401 2206 1483 concretis,
2276 1401 2485 1466 sintne
2539 1398 2793 1487 objecto

583 1501 875 1566 interiori
904 1498 1338 1564 adscribenda
1363 1520 1584 1581 necne,
1617 1508 1797 1565 ortae
1822 1499 2141 1565 videntur.
2210 1499 2440 1586 Itaque
2481 1520 2796 1586 quasnam

582 1600 864 1666 rationes
909 1609 1166 1664 secutus
1210 1600 1295 1662 sit
1337 1596 1746 1665 Schwarzius
1785 1601 2025 1682 nescio,
2069 1622 2216 1664 cum
2243 1599 2329 1663 ad
2361 1598 2794 1664 definitionem

584 1721 798 1764 suam:
869 1698 1043 1781 „das
1103 1699 1326 1762 innere
1381 1696 1618 1785 Object
1668 1698 1942 1763 umfasst
1983 1700 2347 1787 diejenigen
2385 1698 2794 1779 Accusative,

583 1798 821 1863 welche
865 1796 1198 1883 abhangig
1243 1797 1389 1863 sind
1430 1821 1560 1864 von
1606 1799 1814 1862 einem
1840 1796 2149 1881 Verbum,
2191 1796 2467 1863 welches
2496 1797 2615 1863 das
2643 1797 2794 1862 dem

583 1896 963 1962 substantiv.
1025 1897 1310 1982 Begriffe
1364 1921 1447 1962 zu
1487 1896 1757 1962 Grunde
1811 1895 2108 1983 liegende
2159 1896 2794 1983 bedeutungsvollste

580 1995 872 2061 Attribut
913 1995 1222 2060 ebenfalls
1264 1996 1333 2060 in
1377 1998 1513 2062 sich
1554 1996 1842 2063 enthalt“
1869 1996 2208 2085 adjiceret:
2251 2018 2793 2082 „ausgenommen

578 2095 900 2160 natfirlich
946 2096 1071 2160 den
1111 2094 1278 2178 Fall,
1324 2096 1475 2161 dass
1507 2120 1591 2162 an
1625 2096 1772 2161 dem
1804 2095 2040 2182 Obiect
2068 2095 2270 2161 selbst
2301 2095 2408 2161 die
2435 2096 2794 2180 Handlung

577 2195 916 2281 vollzogen
955 2194 1178 2279 wird“‚
1222 2205 1437 2260 tamen
1483 2196 1703 2260 omnia
1745 2197 2007 2261 nomina
2045 2194 2398 2280 abstracta,
2442 2197 2628 2283 quasi
2670 2195 2795 2261 hoc

579 2319 696 2382 per
747 2318 815 2360 se
856 2294 1340 2381 intelligeretur,
1383 2296 1636 2384 objecto
1678 2297 1966 2361 interiori
2010 2295 2440 2380 adscriberet,
2491 2305 2794 2361 concreta

579 2394 966 2460 excluderet.
1073 2394 1342 2460 Minime
1409 2399 1577 2461 enim
1649 2396 1718 2459 in
1781 2397 2065 2461 animum
2141 2419 2405 2484 possum
2465 2396 2791 2478 inducere,

578 2493 918 2581 quomodo,
989 2492 1150 2558 haec
1196 2495 1250 2558 si
1291 2496 1609 2581 ponimus,
1652 2495 1857 2559 verba
1898 2491 2185 2582 μάθημα
2226 2489 2605 2576 μανθάνειν
2644 2496 2704 2561 h.
2738 2518 2790 2560 e.

578 2603 781 2658 artem
826 2593 1078 2658 discere
1115 2593 1242 2658 huc
1271 2596 1654 2681 pertineant,
1697 2596 1791 2661 ita
1823 2596 2067 2661 scilicet
2102 2618 2240 2660 rem
2269 2596 2791 2683 interpretantes,

576 2702 647 2757 ut
689 2716 797 2758 ars
842 2692 957 2759 illa
1001 2695 1084 2759 sit
1138 2695 1486 2759 constituta
1537 2704 1601 2760 et
1654 2694 1984 2778 conclusa,
2047 2717 2212 2782 quae
2267 2694 2608 2779 doceatur,
2662 2717 2790 2760 non

572 2793 688 2857 fiat
728 2788 1026 2879 μάθημα
1062 2816 1191 2859 una
1232 2817 1485 2885 quaque
1525 2795 1821 2860 discendi
1863 2796 2133 2860 actione.
2200 2786 2403 2880 Ὠιδή
2445 2795 2549 2860 vel
2581 2794 2790 2860 simile

575 2891 1048 2958 substantivum
1093 2889 1338 2975 (μέλος,
1384 2889 1649 2976 ὕμνος),
1704 2893 1818 2959 ubi
1869 2915 2128 2958 carmen
2197 2893 2522 2980 significat
2568 2896 2789 2959 fictum

573 2990 1113 3080 modulatumque‚
1158 2995 1213 3059 si
1258 3017 1401 3058 cum
1442 2992 1644 3059 verbo
1689 2984 1877 3080 ᾄδειν
1920 2995 2346 3080 conjungitur,
2388 2994 2576 3060 verbi
2619 2995 2790 3059 actio

573 3112 777 3177 aeque
834 3092 907 3158 fit
962 3094 1031 3157 in
1100 3093 1353 3182 objecto
1421 3102 1639 3177 atque·
1674 3094 1740 3156 in
1805 3114 2032 3176 messe,
2099 3094 2154 3157 si
2222 3095 2483 3159 metitur
2506 3095 2619 3177 ⁸³),
2685 3092 2787 3159 vel

572 3190 782 3276 epulo,
831 3192 887 3255 si
932 3192 1291 3258 comeditur
1312 3193 1412 3272 ³4).
1498 3191 1646 3256 Hoc
1696 3190 1836 3256 loco
1891 3201 1962 3257 ut
2016 3214 2230 3279 pauca
2280 3192 2361 3257 de
2417 3189 2787 3257 nominibus

572 3292 885 3354 concretis
928 3291 1256 3379 adjiciam,
1314 3292 1437 3361 hac
1489 3313 1562 3355 re
1615 3292 1853 3377 optime
1911 3290 2372 3377 comprobatur
2416 3291 2786 3373 discrimen,

572 3388 745 3477 quod
805 3413 1006 3477 supra
1057 3391 1182 3455 feci
1254 3390 1334 3455 de
1398 3389 1813 3455 admittendis
1870 3390 2364 3456 removendisve
2419 3389 2787 3455 nominibus

568 3511 804 3554 rerum.
886 3490 964 3554 In
1008 3489 1435 3556 substantium
1474 3489 1688 3567 τεῖχος
1728 3512 1858 3556 non
1897 3492 2133 3555 transit
2159 3489 2344 3555 verbi
2379 3482 2787 3567 τειχίζεσθαι

571 3589 773 3672 actio,
821 3588 937 3654 sed
980 3589 1326 3655 muniendo
1372 3589 1645 3656 efficitur
1687 3612 1939 3675 murus,
1998 3592 2170 3654 sicut
2214 3591 2308 3672 τῷ
2369 3582 2786 3672 πράττεσθαι

708 3907 794 3976 33)
833 3909 1000 3980 θέρος
1036 3909 1277 3981 θερίζειν

711 3993 796 4059 34)
841 3991 1012 4046 datm
1045 3991 1356 4047 δαίνυσθαι
1403 3910 1436 4049 }
1474 3940 1745 4012 Schwarz,
1779 3940 1815 3999 l.
1850 3957 1898 3998 c.
1936 3958 2067 4013 pag.
2101 3944 2135 3995 4
2170 3943 2305 3994 extr.
