3167 4550
1587 355 1664 417 42

520 533 541 618 j
551 532 677 595 ecti
736 530 1061 594 interioris
1127 531 1474 597 verborum
1548 534 2036 597 transitivorum
2089 542 2592 620 neutrorumque
2655 534 2748 596 ita

517 629 707 695 tollit>
729 628 1095 712 discrimen,
1132 641 1204 694 ut
1247 631 1542 716 quodque
1584 631 1856 696 verbum
1900 652 2047 696 cum
2075 653 2150 696 eo
2180 634 2389 717 possit
2418 633 2743 718 conjungi.

516 727 948 792 Nihilominus
989 738 1207 793 autem
1251 729 1608 793 cavendum
1651 730 1839 795 nobis
1896 740 2028 812 est,
2077 752 2159 794 ne
2212 729 2536 816 objectum
2584 732 2742 795 inte·

516 829 652 891 rius
696 829 1030 914 utriusque
1072 829 1331 912 generis
1360 828 1577 892 verbis
1623 832 1951 914 pariter
1997 829 2269 916 adjungi
2311 841 2632 915 putemus,
2676 830 2745 893 id

489 985 491 988 Α
522 929 736 1012 ipsum
770 928 959 1008 enim,
1006 948 1152 1013 quo
1181 927 1410 992 modo
1445 927 1722 992 verbum
1742 938 2091 1014 usurpetur
2117 931 2547 1006 transitivum,
2593 927 2746 993 alte·

521 1047 668 1089 rum
709 1027 1066 1089 maximum
1109 1035 1207 1089 est
1249 1026 1613 1091 discrimen.
1698 1028 1775 1091 In
1824 1030 2198 1093 universum
2227 1027 2488 1115 quidem
2530 1038 2743 1114 potest

525 1122 655 1187 dici
682 1123 889 1188 verba
916 1126 1263 1189 transitiva
1292 1125 1502 1190 effecti
1531 1125 1911 1213 plerumque
1942 1126 2284 1213 objectum,
2329 1128 2746 1191 intransitiva

522 1224 796 1287 actionis
841 1223 967 1288 sibi
1009 1223 1383 1310 adjungere.
1468 1224 1693 1288 Verba
1736 1235 1979 1307 autem,
2033 1248 2207 1312 quae
2257 1248 2385 1290 non
2440 1230 2567 1307 rei,
2630 1227 2747 1291 sed

521 1344 840 1408 personae
896 1324 1162 1408 proprie
1219 1335 1453 1408 regunt
1506 1322 1830 1410 objectum
1893 1325 2170 1406 (γαμεῖν,
2236 1318 2744 1406 νυμφεύεσθαι),

517 1422 632 1486 ubi
677 1445 821 1486 cum
864 1424 1235 1487 accusativo
1282 1425 1759 1509 conjunguntur
1801 1424 2077 1487 nominis
2135 1425 2423 1508 cognati,
2481 1424 2633 1487 huic
2691 1427 2747 1486 si

519 1521 912 1606 adjectivum
945 1521 1238 1585 additum
1268 1533 1382 1602 est,
1428 1544 1683 1606 semper
1717 1520 2039 1608 objectum
2070 1523 2341 1586 actionis
2374 1522 2745 1586 adsciscunt

509 1613 813 1704 (γήμειας
838 1614 1182 1695 τοιούτους
1225 1613 1477 1703 γάμους
1497 1651 1582 1674 -—-
1604 1614 1829 1702 οὕτως,
1878 1615 2294 1702 νυμφεύομαι
2325 1612 2737 1706 νυμφεύματ’

521 1710 755 1797 αἰσχρά
776 1747 861 1770 =
881 1709 1202 1799 αἰσχρῶς).
1241 1719 1328 1783 Et
1355 1721 1616 1805 saepius
1639 1719 1894 1804 quidem
1917 1720 2240 1807 objectum
2269 1722 2545 1785 actionis
2567 1731 2742 1784 tran-

525 1818 732 1881 sitivis
774 1816 995 1881 verbis
1033 1817 1427 1904 adjungitur,
1463 1819 2018 1882 intransitiva
2048 1819 2253 1883 verba
2278 1842 2421 1883 cum
2452 1820 2745 1884 effecti

518 1915 772 2001 objecto
815 1918 1150 1980 rarissime
1192 1918 1622 1981 inveniuntur.
1707 1916 1825 1980 ‘Ad
1879 1916 2042 1981 haec
2099 1918 2272 2004 quod
2334 1918 2595 1999 attinet,
2661 1940 2743 1982 ne

446 2069 452 2074 .
517 2017 782 2079 nomina
846 2014 1107 2102 quidem
1168 2015 1376 2078 effecti
1418 2014 1611 2079 ullius
1652 2018 1959 2078 momenti
2013 2026 2175 2080 sunt.
2271 2015 2562 2079 Maxime
2621 2015 2744 2080 hoc

518 2113 724 2177 elucet
763 2114 831 2176 in
875 2115 1324 2198 conjunctione
1364 2113 1716 2178 verborum
1758 2114 2247 2200 nominumque,
2291 2135 2456 2200 quae
2500 2124 2744 2179 motum

518 2222 581 2277 et
626 2220 865 2276 statum
909 2213 1244 2295 denotant,
1307 2235 1454 2277 cum
1515 2217 1687 2279 enim
1743 2212 2017 2278 multum
2068 2214 2324 2277 intersit
2376 2214 2545 2277 inter
2596 2212 2741 2277 sub-

404 2365 413 2372 .
517 2313 802 2375 stantiva
845 2305 1044 2392 βάσις
1086 2322 1149 2375 et
1189 2314 1392 2396 βῆμα,
1439 2324 1837 2402 quapropter
1880 2313 2153 2377 actionis
2198 2311 2524 2398 objectum
2564 2313 2741 2376 inve-

516 2412 727 2473 nimus
768 2409 949 2492 illud,
995 2410 1119 2474 hoc
1162 2411 1372 2475 effecti
1407 2410 1532 2486 (El.
1564 2417 1716 2478 952:
1767 2407 1843 2473 τὸ
1891 2412 2159 2492 πρῶτον
2196 2412 2384 2493 βῆμα
2428 2409 2742 2493 δραμεῖν),

516 2504 825 2593 δρόμημα
870 2520 1096 2573 contra
1126 2520 1189 2573 et
1231 2502 1514 2594 πήδημα
1547 2518 1892 2596 ceteraque
1922 2510 2138 2573 omnia
2181 2508 2265 2573 ab
2312 2512 2564 2574 actione
2606 2533 2744 2575 cur·

516 2608 703 2672 rendi
729 2609 847 2672 vix
877 2618 1149 2694 possunt
1195 2608 1495 2674 discerni.
1568 2608 2060 2672 Substantivum
2088 2611 2331 2689 πτῶμα
2362 2609 2450 2673 ad
2482 2611 2746 2675 nomina

529 2718 735 2772 status
812 2708 1094 2793 pertinet
1112 2699 1135 2770 ι’
1219 2709 1386 2771 sicut
1460 2708 1630 2771 enim
1714 2707 1976 2771 labendi
2054 2710 2374 2773 actionem
2444 2708 2745 2793 designat

516 2808 802 2888 πτῶσις,
869 2829 1104 2890 corpus
1159 2805 1273 2870 ubi
1324 2806 1581 2893 lapsum
1640 2818 1767 2888 est,
1813 2808 2080 2893 jacendi
2131 2818 2337 2871 status
2402 2807 2745 2871 denotatur

523 2906 925 2972 substantivo
981 2908 1247 2986 πτῶμα.
1346 2905 1721 2992 Sequuntur
1770 2906 2005 2985 verba,
2062 2929 2227 2991 quae
2287 2917 2351 2971 et
2399 2907 2745 2970 transitiva

521 3019 669 3069 sunt
706 3015 769 3068 et
811 3005 1242 3070 intransitiva.
1333 3004 1586 3084 Quibus
1633 3006 1688 3068 si
1731 3007 2140 3070 accusativus
2179 3008 2454 3070 nominis
2486 3008 2745 3091 cognati

522 3104 919 3191 adjungitur,
964 3125 1095 3167 non
1136 3105 1231 3167 ita
1274 3103 1464 3167 facile
1511 3115 1608 3167 est
1651 3103 2029 3190 dijudicatu,
2073 3115 2288 3168 utrum
2330 3105 2417 3168 ad
2446 3105 2742 3170 effectum

521 3204 844 3288 pertineat
886 3202 1210 3289 objectum
1253 3224 1337 3265 an
1381 3202 1466 3266 ad
1509 3204 1865 3284 actionem3
1910 3224 2115 3286 neque
2157 3202 2320 3266 haec
2347 3226 2453 3268 res
2483 3202 2570 3267 ad
2609 3225 2742 3267 cer-

517 3312 650 3366 tam
693 3324 986 3366 normam
1029 3312 1243 3387 potest
1282 3301 1497 3387 dirigi,
1543 3301 1659 3366 sed
1687 3323 1815 3365 uno
1850 3322 2100 3386 quoque
2138 3300 2278 3366 loco
2312 3300 2745 3386 disceptanda

522 3412 638 3465 est.
716 3400 888 3464 Satis
914 3401 1052 3487 jam
1097 3400 1306 3465 habeo
1353 3400 1566 3464 adhuc
1609 3422 2146 3465 commemorasse
2189 3399 2457 3464 verbum
2500 3400 2743 3462 intran-

522 3501 785 3564 sitivum
835 3496 963 3585 ζῆν,
1011 3501 1114 3564 cui
1158 3501 1212 3564 si
1255 3499 1631 3586 adjungitur
1661 3499 2142 3565 substantivum
2172 3491 2340 3579 βίος,
2389 3498 2513 3562 hoc
2544 3498 2743 3562 actio-

520 3621 669 3662 nem
708 3598 1087 3686 plerumque
1131 3598 1411 3681 denotat,
1454 3597 1634 3662 velut
1673 3597 1776 3662 his
1819 3598 2010 3663 locis:
2070 3598 2226 3664 Eur.
2275 3599 2355 3663 fr.
2410 3619 2517 3682 ap.
2564 3594 2744 3661 Stob.

526 3701 673 3765 108:
731 3699 900 3760 θεοῦ
941 3692 1087 3780 βίον
1132 3694 1243 3784 ζῆν
1269 3728 1354 3752 --·-
1381 3689 1470 3772 ὦς
1510 3692 1677 3772 θεὸς
1720 3694 1849 3781 ζῆν.
1892 3696 2027 3762 Ion.
2054 3703 2151 3765 56.
2176 3692 2462 3780 καταζῆν
2504 3690 2745 3775 σεμνὸν

519 3789 666 3877 βίον
689 3826 767 3850 ==
789 3792 1074 3881 καταζῆν
1117 3798 1383 3878 σεμνῶς.
1469 3794 1617 3860 Uno
1662 3807 1880 3860 tamen
1921 3795 2084 3878 loco,
2126 3796 2267 3882 Iph.
2312 3792 2460 3860 Aul.
2503 3816 2565 3859 V.
2601 3797 2740 3859 923.

520 3895 823 3980 legimus:
894 3886 1123 3978 ὀρθῶς
1180 3893 1415 3979 διαζῆν·
1464 3890 1581 3959 τὸν
1631 3894 1785 3974 βίον
1840 3890 2096 3978 γνώμης
2144 3890 2332 3974 μέτα.
2431 3893 2744 3959 Substan-

521 3998 730 4059 tivum
771 3989 915 4074 βίος
953 4015 1359 4081 nequaquam
1408 3991 1673 4057 denotat
1698 3994 1976 4073 modum,
2023 3995 2134 4081 qui
2171 3995 2328 4059 satis
2359 3991 2747 4058 describitur
