3167 4550
1610 283 1692 344 24

532 485 679 527 nem
725 461 1037 526 fundendi
1085 460 1381 545 denotat,
1424 452 1612 538 χύσις
1673 469 1932 545 contra,
1999 458 2265 548 proprie
2309 461 2534 545 ,fusio‘,
2591 462 2766 528 illius

537 560 1078 647 significationem
1114 558 1441 625 interdum
1485 562 1743 648 accipit.
1827 559 2192 647 Aeschylus
2232 570 2575 649 utrumque
2618 561 2765 628 sub-

537 662 889 724 stantivum
934 661 1080 746 pari
1122 659 1311 724 modo
1357 660 1656 724 adhibet:
1712 659 2003 746 Choeph.
2046 666 2142 728 87.
2182 656 2348 736 χοὰς
2384 657 2534 740 χέω.
2605 661 2763 726 ibid.

535 763 632 823 97.
706 752 982 836 ἐκχέασα
1041 753 1335 839 γάποτον
1394 752 1596 837 χύσιν.
1683 758 1874 824 Hom.
1942 757 2066 823 Od.
2135 765 2240 841 10,
2285 767 2427 829 518.
2504 769 2608 844 11,
2666 767 2765 828 26.

538 856 700 923 Oed.
746 856 886 924 Col.
930 864 1070 924 477.

696 953 896 1043 χοὴν
938 951 1347 1024 σπένδειν.

702 1055 914 1122 Orest.
962 1063 1138 1124 1314.
1183 1043 1237 1119 ὦ
1280 1047 1596 1138 παρθέν’,
1652 1049 1836 1141 ἥκεις
1875 1051 1990 1118 τὸν
2032 1049 2614 1143 Κλυταιμνήστρας
2653 1054 2769 1118 τά-

539 1175 670 1238 φον
712 1150 1016 1241 στέψασα
1062 1151 1176 1218 καὶ
1217 1149 1547 1219 σπείσασα
1593 1150 1915 1237 νερτέροις
1947 1149 2146 1233 χοάς,·
2188 1155 2346 1223 ibid.
2395 1163 2567 1225 1188.
2607 1151 2771 1234 χοὰς

538 1247 1057 1318 κατασπείσουσ>
1104 1249 1270 1337 ὑπὲρ
1309 1250 1556 1339 μητρὸς
1595 1248 1833 1340 τάφου.

704 1350 1077 1439 σπονδὴν
1121 1347 1451 1434 λείβειν.

704 1452 843 1517 Ion.
903 1458 1075 1521 1038.
1159 1446 1445 1516 δείπνων
1506 1448 1666 1517 ὅταν
1728 1447 1975 1540 λήγωσι
2039 1449 2155 1518 καὶ
2218 1447 2518 1528 σπονδὰς
2580 1451 2774 1528 θεοῖς

536 1544 835 1630 μέλλωσι
878 1546 1144 1635 λείβειν.
1190 1553 1270 1619 cf.
1312 1552 1543 1619 Aesch.
1586 1553 1776 1618 Eum.
1822 1560 1919 1620 54.
1967 1545 2127 1636 λίβα
2168 1546 2438 1635 λείβειν.

1564 1806 1607 1885 ἓ
1655 1810 1748 1871 10.

712 1951 991 2016 Nomina
1023 1975 1058 2016 e
1097 1952 1318 2017 verbis
1364 1952 1642 2036 dicendi,
1681 1952 2023 2035 clamandi,
2054 1951 2471 2032 lamentandi,
2498 1951 2775 2015 canendi

546 2049 865 2115 similibus
908 2051 1259 2138 'pendentia
1302 2075 1504 2141 usque
1549 2061 1663 2117 aut
1705 2052 1909 2139 stirpe
1965 2060 2073 2115 aut
2136 2051 2607 2136 significatione
2672 2073 2771 2115 co·

545 2158 746 2234 gnata
787 2158 923 2214 tum
966 2162 1235 2238 propter
1295 2175 1516 2217 eorum
1577 2153 1747 2216 inter
1790 2174 1860 2215 se
1923 2150 2302 2215 affinitatem
2368 2151 2774 2235 notionisque

549 2248 1071 2335 similitudinem,
1130 2260 1263 2318 tum
1308 2276 1386 2318 ea
1430 2253 1511 2317 de
1554 2274 1789 2335 causa,
1852 2250 2023 2336 quod
2086 2249 2393 2338 pleraque
2444 2272 2665 2316 eorum
2711 2258 2774 2315 et

549 2350 868 2414 actionem
934 2359 999 2414 et
1063 2353 1339 2417 actionis
1404 2352 1702 2416 effectum
1761 2351 2162 2435 significant,
2227 2373 2353 2416 uno
2419 2350 2772 2437 eodemque

549 2449 766 2535 capite
808 2451 1273 2536 pertractanda
1320 2452 1479 2516 mihi
1534 2452 1681 2516 visa
1725 2458 1891 2516 sunt.
1978 2449 2077 2515 Ac
2133 2449 2212 2513 de
2251 2450 2470 2535 priore
2514 2449 2777 2538 quidem

547 2568 748 2612 causa
789 2547 1133 2615 dicendum
1177 2561 1276 2616 est
1330 2561 1557 2637 poetas
1602 2551 1887 2636 tragicos
1928 2586 2011 2596 —
2052 2549 2352 2635 inprimis
2389 2548 2773 2636 Euripidem

549 2682 629 2691 -
674 2647 996 2733 ejusmodi
1057 2650 1467 2716 substantiva
1523 2672 1670 2714 cum
1725 2648 1946 2714 verbis
2006 2647 2321 2712 similibus
2363 2648 2457 2712 ita
2516 2650 2773 2735 conjun-

550 2767 705 2830 gere
751 2746 973 2813 solitos
1009 2773 1169 2832 esse,
1199 2759 1269 2814 ut
1308 2748 1756 2837 permutandis
1785 2748 2005 2813 verbis
2044 2746 2536 2832 nominibusque
2578 2746 2771 2832 signi-

548 2844 848 2910 ficatione
891 2846 1040 2934 plus
1097 2845 1394 2914 minu‘sve
1453 2848 1731 2913 diversis
1794 2869 1986 2933 quam
2051 2847 2407 2912 maximam
2473 2845 2773 2911 dictionis

545 2946 928 3011 varietatem
987 2948 1364 3014 affectarent
1418 2948 1877 3034 notionumque
1936 2947 2245 3011 transitus
2292 2948 2346 3011 si
2390 2946 2601 3010 minus
2659 2944 2776 3010 tol-

546 3043 770 3128 lerent,
814 3046 1285 3132 quodammodo
1325 3056 1541 3112 tamen
1584 3045 1917 3110 diluerent.
1999 3044 2161 3109 Inde
2204 3043 2585 3111 audaciores
2628 3043 2779 3110 illae

547 3143 1007 3212 vocabulorum
1054 3148 1540 3233 conjunctiones
1584 3147 1900 3228 exierunt,
1942 3145 2118 3210 velut
2158 3145 2309 3209 hae:
2352 3141 2518 3228 βοὴν
2561 3135 2771 3229 ᾄδειν,

546 3246 802 3308 παιᾶνα
848 3238 1211 3324 στενάζειν,
1276 3239 1434 3329 γόον
1491 3238 1699 3325 ἰαχεῖν
1741 3246 1925 3311 aliae.
2010 3244 2117 3309 Ad
2180 3243 2449 3309 alteram
2513 3263 2778 3306 causam

549 3344 721 3431 quod
766 3346 1013 3429 attinet,
1048 3345 1313 3412 dubium
1354 3368 1496 3412 esse
1539 3347 1782 3431 nequit,
1826 3366 1971 3409 cum
2016 3344 2489 3409 substantivum
2533 3333 2672 3427 ᾠδή
2716 3351 2780 3406 et

549 3452 808 3508 cantum
850 3444 909 3510 h.
958 3468 1013 3510 e.
1056 3444 1329 3510 canendi
1374 3445 1723 3528 actionem,
1786 3454 1851 3509 et
1893 3466 2152 3509 carmen
2213 3440 2560 3528 significet,
2623 3442 2776 3527 quin

548 3531 772 3607 verbis
817 3539 1024 3632 καλὴν
1066 3535 1243 3630 ᾠδὴν
1286 3535 1427 3630 ᾄδω
1457 3553 1735 3632 utraque
1765 3545 1941 3609 notio
1974 3544 2186 3609 inesse
2230 3542 2455 3629 possit,
2485 3547 2555 3604 ut
2583 3540 2775 3605 modo

550 3642 917 3727 significent
979 3667 1287 3727 „carmen
1349 3644 1692 3731 pulchrum
1747 3644 1973 3726 cano“,
2034 3642 2227 3707 modo
2284 3648 2582 3723 „cantum
2640 3638 2777 3727 pul·

433 3807 437 3812 .
550 3741 773 3806 chrum
818 3743 981 3809 edo“
1022 3744 1083 3810 h.
1115 3766 1168 3809 e.
1198 3743 1465 3831 pulchre
1511 3766 1689 3809 cano.
1761 3741 1954 3824 Quod
1983 3763 2127 3806 cum
2158 3762 2287 3805 non
2329 3761 2585 3827 semper
2614 3738 2776 3803 adeo

547 3839 738 3905 facile
780 3842 1178 3930 intelligatur
1209 3851 1274 3910 et
1300 3843 1624 3910 interdum
1666 3851 2011 3929 utrumque
2051 3841 2259 3927 possit
2301 3838 2580 3922 defendi,
2626 3860 2774 3903 con«

536 3942 892 4028 jungendis
935 3942 1117 4028 locis,
1162 3945 1270 4030 qui
1312 3944 1437 4009 huc
1482 3953 1794 4031 spectant,
1834 3939 2061 4007 melius
2103 3961 2301 4026 quam
2344 3936 2776 4017 secernendis‚
