3167 4550
1652 349 1733 410 30

574 521 1222 615 θροις-κελαδήσω.
1307 528 1630 593 παιᾶνα
1700 521 2219 613 ἐπευφημεῖν
2275 525 2418 612 Iph.
2486 524 2560 589 Τ.
2626 530 2799 592 1371.

578 631 812 691 ναῦται
857 621 920 691 δ’
973 621 1446 715 ἐπευφήμησαν
1504 619 1799 705 εὐχαῖσιν
1860 621 2059 712 κόρης
2115 627 2394 689 παιᾶνα.
2480 624 2844 709 παιᾶνα.

574 721 1000 805 στενάζειν
1043 727 1280 791 Troad.
1318 732 1457 794 580.
1498 720 1566 788 τί
1607 717 1838 790 παιᾶν’
1887 722 2048 806 ἐμὸν
2090 719 2452 803 στενάζειςς
2494 725 2803 804 μοῦσαν

577 821 861 908 ὑμνεῖν
901 826 1043 913 Iph.
1088 826 1163 890 T.
1216 832 1347 895 184.
1389 822 1510 888 τὰν
1561 821 1632 889 έν
1675 819 2027 911 θρήνοισιν
2066 827 2342 906 μοῦσαν,
2388 819 2510 885 τὰν
2550 860 2634 873 --
2662 817 2803 885 ‘'At-

580 924 701 1001 δας
770 920 974 1006 ὑμνεῖ.
1110 927 1426 1006 μοῦσαν
1493 922 1971 1006 μέλπεσθαι
2062 925 2304 990 Phoen.
2378 927 2516 990 788.
2589 921 2803 986 λωτοῦ

576 1022 744 1089 κατὰ
790 1018 1132 1106 πνεύματα
1173 1019 1437 1143 (μέλπει
1495 1026 1769 1105 μοῦσαν,
1854 1018 2246 1107 ὑμέναιον
2299 1025 2502 1106 βοᾶν
2561 1022 2799 1087 Troad-

578 1131 714 1193 336.
757 1125 961 1205 βοᾶτε
1001 1120 1118 1187 τὸν
1159 1118 1495 1204 ὑμέναιον.
1578 1118 1982 1203 ὑμέναιον
2040 1117 2412 1207 συρίζειν
2462 1123 2605 1189 Alc.
2664 1128 2801 1190 591.

577 1217 854 1306 συρίζων
896 1215 1253 1303 ποιμνίτας
1294 1216 1663 1303 υμεναίους.
1748 1217 2223 1306 στεναγμόν,
2274 1217 2495 1306 γόον,
2561 1213 2793 1308 ᾠδήν,

574 1320 828 1409 χορὸν
890 1314 1154 1400 ἰαχεῖν
1217 1322 1413 1388 Herc.
1452 1324 1528 1387 F.
1578 1330 1735 1391 1014
1800 1346 1937 1410 sqq.
2009 1317 2124 1399 ές·
2088 1315 2284 1385 -τίνα
2342 1319 2702 1405 στεναγμὸν
2761 1312 2802 1407 ἢ

577 1417 736 1506 γόον
778 1414 818 1507 ἢ
865 1424 1134 1508 φθιτῶν
1175 1413 1422 1507 (ἶδάν
1402 1414 1442 1509 ἢ
1480 1417 1597 1485 τὸν
1624 1415 1823 1485 ‘'Atda
1862 1419 2060 1505 χορὸν
2102 1415 2383 1508 laffoce),-

746 1522 958 1603 Quem
998 1522 1443 1609 exemplorum
1506 1544 1847 1587 numerum
1891 1525 1947 1587 si
1994 1522 2497 1605 consideramus,
2540 1520 2798 1606 Euripi·

579 1622 725 1687 dem
772 1621 996 1686 talium
1041 1624 1563 1709 conjunctionum
1606 1644 1794 1687 usum
1831 1609 2122 1686 ⁸maxime
2177 1621 2542 1687 excoluisse
2600 1641 2798 1707 appa-

579 1731 694 1786 ret.
779 1721 1112 1786 Varietate
1171 1730 1383 1786 autem
1441 1722 1839 1809 Aeschylum
1896 1730 1960 1787 et
2004 1719 2387 1808 Sophoclem
2444 1719 2641 1785 multo
2663 1776 2672 1781 .
2696 1741 2798 1783 su-

581 1822 856 1909 peravit,
927 1820 1231 1906 aequavit
1293 1821 1587 1886 audacia.
1675 1821 1870 1903 Quod
1911 1829 2093 1908 patet
2134 1843 2217 1885 ex
2258 1843 2479 1886 eorum
2543 1842 2799 1906 compa-

578 1923 846 2005 ratione.
930 1919 1019 1983 Et
1064 1919 1418 2007 Sophocles
1463 1922 1721 2009 quidem
1765 1922 2102 2009 conjungit
2139 1916 2375 2002 μέλος,
2425 1911 2587 1997 ὅπα,
2635 1912 2804 1983 ἰωὰν

578 2022 778 2104 βοᾶν,
865 2016 1029 2106 βοὴν
1099 2012 1463 2097 θιοῧσσειν,
1537 2014 1862 2098 κωκυτόν,
1934 2015 2130 2104 γόους
2193 2012 2401 2108 ἠχεῖν,
2461 2010 2803 2101 ὀδύρματα

579 2121 899 2204 γοᾶσθαι,
946 2110 1127 2204 ᾠδὰς
1168 2122 1455 2205 θρηνεῖν,
1505 2114 1697 2203 γόους
1744 2115 2069 2206 δακρύειν,
2104 2112 2335 2184 στόνον
2377 2110 2795 2193 ἆποκλαίειν,

579 2212 890 2308 φθόγγον
933 2209 1378 2298 ἆνακωκύειν,
1424 2217 1595 2303 βοὰς
1640 2212 2153 2306 ἇπορροιβὸεῖν,
2201 2218 2600 2307 Aeschylust
2643 2210 2803 2285 ὀλο·

580 2317 827 2404 λυγμὸν
894 2313 1196 2396 λάσκειν,
1266 2320 1496 2407 Agam.
1541 2327 1695 2404 595,
1759 2322 2011 2407 θρῆνον
2075 2315 2397 2406 ὖμνῳόεῖν
2458 2320 2614 2384 ibid.
2659 2325 2802 2402 990,

578 2416 784 2501 «ὕμνον
824 2413 1049 2501 ὑμνεῖν
1090 2421 1244 2485 ibid.
1293 2427 1479 2503 1474,
1543 2413 1842 2483 ἐπινίκια
1902 2415 2168 2498 κλάζειν
2221 2419 2380 2487 ibid.
2432 2426 2578 2503 174,
2644 2413 2804 2503 γόον

579 2516 863 2601 μέλπειν
903 2519 1059 2585 ibid.
1097 2527 1273 2602 1240,
1319 2520 1578 2582 παιᾶνα
1626 2515 2044 2598 έξαυδᾶσθαι
2090 2519 2374 2606 Choeph.
2410 2527 2540 2599 151,
2583 2506 2806 2583 οἶκτον

583 2612 997 2697 οἰκτίζεσθαι
1038 2619 1228 2683 Eum.
1273 2626 1422 2702 515,
1481 2621 1741 2683 παιᾶνα
1785 2614 2097 2706 ἐφυμνεῖν
2138 2620 2315 2684 Pers.
2359 2626 2498 2703 393,
2563 2613 2806 2701 ὕμνους

583 2713 991 2805 ἐπευφημεῖν
1050 2718 1205 2783 ibid.
1250 2725 1389 2801 620,
1444 2714 1653 2800 μέλος
1694 2710 1898 2796 ἶύζειν
1954 2719 2111 2785 ibid.
2162 2725 2333 2786 1042.
2392 2718 2620 2805 Suppl.
2661 2720 2798 2797 808,
2893 2774 2917 2797 ,

578 2814 744 2905 βοὴν
784 2810 986 2895 ἱύζειν
1029 2815 1252 2903 Suppl.
1280 2823 1419 2900 272,
1463 2813 1620 2901 γόον
1664 2813 1939 2901 κλάγξαι
1981 2818 2136 2884 ibid.
2179 2825 2319 2900 948,
2362 2813 2566 2899 ὕμνον
2606 2809 2795 2903 ἠχεῖν,

581 2919 838 2980 παιᾶνα
898 2912 1297 2999 ἐπιμέλπειν
1340 2917 1517 3005 Sept.
1558 2924 1678 2986 867
1725 2942 1879 3006 sqq.,
1935 2914 2140 2999 μέλος
2194 2911 2549 2998 ὑμεναιοῢν
2587 2917 2801 2979 Prom.

581 3025 701 3086 555
752 3042 850 3106 sq.
867 3066 886 3101 ,
954 3008 1301 3100 ὀδυρμούς,
1380 3012 1572 3100 γόους
1633 3014 2055 3101 φθέγγεσθαι
2115 3016 2274 3082 ibid.
2330 3023 2408 3084 33
2453 3040 2577 3104 sq„
2646 3008 2803 3098 γόον

580 3119 850 3203 θρηνεῖν
891 3115 1124 3182 Aesch.
1167 3118 1243 3183 fr.
1288 3139 1389 3204 ap.
1432 3116 1641 3182 Bekk.
1688 3115 1942 3183 Anekd.
1987 3124 2127 3201 349,
2159 3124 2213 3183 7.
2295 3112 2501 3199 μέλος
2537 3109 2805 3192 κλάζειν

582 3209 789 3283 Orith.
830 3218 909 3282 fr.
955 3239 1057 3303 ap.
1098 3216 1297 3281 Dind.
1340 3222 1479 3283 265.

743 3317 1085 3400 Locorum,
1130 3339 1292 3404 quos
1336 3337 1535 3402 supra
1573 3315 1758 3380 attuli
1795 3338 1879 3382 ex
1917 3316 2255 3404 Euripide,
2299 3317 2457 3381 satis
2500 3336 2804 3400 magnam

582 3427 832 3505 partem
876 3426 1211 3482 enumerat
1251 3415 1624 3481 Wunderus
1662 3415 1701 3481 l.
1748 3438 1800 3480 c.
1846 3438 1995 3503 pag.
2042 3420 2119 3481 59
2168 3438 2334 3502 sqq.,
2378 3417 2470 3478 ita
2513 3436 2689 3496 vero,
2733 3421 2807 3478 ut

580 3519 1173 3584 homoeosemorum
1213 3514 1564 3579 verborum
1607 3515 2167 3602 conjunctionibus
2212 3536 2466 3601 semper
2512 3521 2803 3600 apponat

582 3620 784 3704 stirpe
820 3625 1119 3702 cognata,
1166 3616 1350 3702 quasi
1391 3614 1553 3679 haec
1595 3614 1724 3680 illis
1769 3614 2137 3702 analogiam
2183 3613 2620 3701 praebuerint.
2658 3612 2800 3676 Pri-

580 3740 758 3784 mum
801 3727 1017 3783 autem
1059 3715 1285 3779 horum
1332 3715 1593 3801 quidem
1636 3716 1961 3802 permulta
2001 3737 2210 3801 neque
2262 3716 2355 3778 ita
2406 3715 2802 3800 conjungun-

584 3827 717 3901 tur,
774 3840 893 3882 nec
935 3815 1197 3882 omnino
1242 3836 1281 3877 a
1325 3815 1535 3900 poe'tis
1593 3818 1863 3902 tragicis
1921 3823 2330 3901 usurpantur.
2411 3813 2667 3899 Pagina
2706 3815 2804 3878 63.

582 3916 891 4003 legimus:
935 3906 1412 3997 ἅπορροιβδεῖν
1451 3908 1622 3996 βοάς
1663 3915 1862 3980 nach
1906 3910 2134 4000 ῥοῖζον
2166 3904 2411 3994 ῥοίζειν
2446 3908 2802 3996 (ῥοιζεῖνῬ).

584 4017 747 4082 Cum
793 4039 945 4082 vero
989 4011 1208 4100 ῥοῖζος
1246 4024 1312 4079 et
1352 4007 1598 4099 ροίζειν
1638 4038 1845 4104 neque
1888 4013 2066 4100 apud
2105 4020 2334 4099 poetas
2375 4014 2662 4099 tragicos
2704 4030 2802 4074 re-
