3167 4550
1636 315 1729 377 6,

546 496 737 561 tionis
780 494 1290 581 magnificentia,
1349 490 1512 557 alter
1555 492 1988 557 concinnitate
2029 500 2225 580 atque
2267 493 2607 579 majestate
2655 512 2767 555 ex·

547 593 747 677 cellit,
801 593 902 659 his
960 592 1220 681 quidem
1271 593 1340 656 in
1392 590 1587 655 rebus
1640 613 1773 655 non
1826 613 2056 678 parem
2094 589 2292 656 habet
2331 589 2607 667 laudem,
2651 589 2769 656 sed

546 704 793 775 tamen,
851 714 1019 781 quae
1052 691 1180 755 illis
1225 688 1619 776 probantur,
1661 690 1744 754 iis
1785 712 1987 778 aeque
2028 691 2227 754 utitur
2268 712 2390 755 nec
2430 712 2582 755 raro
2627 713 2767 757 ora-

545 794 736 857 tionis
779 792 1055 856 audacia
1112 790 1165 855 si
1219 789 1430 853 minus
1472 789 1795 874 superior,
1851 798 1920 854 at
1961 798 2134 854 certe
2176 811 2298 877 par
2339 790 2766 876 conspicitur:

548 894 684 956 sive
714 914 862 956 cum
890 912 1129 977 prosae
1160 887 1589 973 scriptoribus
1617 910 1764 952 eum
1790 887 2198 972 conferimus,
2228 888 2446 954 Attico
2485 889 2769 953 maxime

547 1012 860 1072 sermone,
904 990 1007 1054 cui
1048 987 1428 1074 simplicitas
1474 984 1795 1073 quaedam
1837 988 2005 1052 inest
2048 996 2112 1051 et
2153 986 2494 1072 elegantia,
2536 988 2603 1052 in
2633 986 2768 1052 dia-

544 1090 709 1175 logis
753 1111 899 1153 eum
944 1089 1035 1153 uti
1079 1087 1392 1152 videmus.
1478 1085 1615 1149 Nec
1649 1085 2191 1172 praetereundum
2234 1086 2357 1151 hoc
2398 1096 2495 1151 est
2513 1136 2531 1169 ,
2595 1086 2768 1173 quod

545 1187 920 1274 Euripides,
966 1209 1112 1252 cum
1156 1186 1241 1252 ad
1286 1183 1739 1273 philosophiae
1781 1187 2167 1271 praesertim
2214 1184 2497 1250 studium
2542 1208 2611 1251 se
2654 1209 2767 1273 ap-

545 1288 819 1375 plicaret
861 1287 1126 1374 ejusque
1168 1293 1521 1372 praecepta
1563 1285 1845 1348 orationi
1891 1305 2084 1371 quam
2120 1285 2498 1370 saepissime
2535 1284 2770 1350 soleret

544 1391 872 1469 intexere,
930 1385 1186 1451 fabulas
1245 1385 1709 1448 sententiarum
1762 1383 2172 1450 multitudine
2220 1383 2496 1449 refersit.
2578 1384 2767 1472 Ejus-

546 1486 725 1551 modi
767 1486 1059 1551 oratione
1103 1482 1381 1548 diversis
1439 1485 1647 1546 mixta
1702 1480 2035 1547 elementis
2087 1503 2232 1547 cum
2288 1482 2571 1548 medium
2615 1505 2767 1570 quo-

548 1584 895 1651 dammodo
945 1584 1156 1649 locum
1213 1584 1380 1647 inter
1435 1590 1666 1668 poetas
1712 1591 1775 1645 et
1815 1603 2050 1665 prosae
2092 1581 2444 1667 scriptores
2480 1582 2769 1648 obtineat

544 1684 929 1771 Euripides,
987 1683 1072 1748 ah
1121 1704 1195 1747 eo
1252 1681 1512 1768 quidem
1566 1679 1978 1767 potissimum
2035 1680 2186 1767 capi
2228 1680 2572 1747 exordium
2609 1681 2770 1746 mihi

544 1782 821 1866 videtur,
865 1784 961 1849 ita
987 1800 1167 1864 vere,
1210 1790 1281 1845 ut
1308 1779 1701 1867 reliquorum
1731 1777 2121 1864 scriptorum
2150 1778 2359 1866 qualis
2390 1782 2473 1846 sit
2508 1781 2769 1846 dicendi

546 1905 723 1965 usus,
769 1891 1070 1948 accurate
1114 1902 1370 1966 semper
1413 1885 1914 1966 perscrutemur.

1528 2027 1728 2108 ‘§2.

712 2162 1336 2249 Frequentissimum
1377 2161 1576 2225 fuisse
1621 2158 2061 2225 accusativum
2104 2158 2361 2246 objecti,
2406 2161 2578 2249 quod
2616 2161 2770 2227 dici-

548 2275 673 2348 tur,
716 2264 1044 2330 interioris
1084 2285 1216 2327 non
1260 2259 1467 2327 solum
1507 2258 1685 2346 apud
1730 2267 1977 2345 poetas,
2023 2260 2318 2342 quamvis
2363 2261 2646 2349 plurima
2682 2260 2773 2327 ibi

547 2374 809 2429 exstent
851 2362 1172 2449 exempla,
1216 2383 1441 2426 verum
1471 2362 1664 2425 etiarn
1696 2358 1873 2446 apud
1904 2357 2331 2448 philosophos
2359 2368 2772 2447 oratoresque

548 2473 613 2530 et
652 2486 870 2528 rerum
926 2463 1279 2549 scriptores
1339 2482 1483 2524 cum
1542 2481 1622 2524 ea
1674 2456 2154 2541 demonstrant,
2220 2481 2387 2543 quae
2450 2469 2676 2547 patent
2736 2483 2772 2525 e

546 2564 837 2628 virorum
883 2561 1221 2626 doctorum
1264 2558 1344 2623 de
1387 2557 1518 2622 hac
1562 2579 1636 2622 re
1687 2556 2182 2641 quaestionibus
2223 2568 2417 2646 atque
2461 2558 2774 2625 collectio-

546 2661 737 2727 nibus
754 2706 771 2737 ,
843 2674 978 2726 tum
1029 2660 1318 2725 infinitus
1380 2656 1619 2744 probat
1678 2654 2122 2742 exemplorum
2176 2680 2504 2740 numeruS,
2581 2680 2773 2745 quem

549 2761 737 2826 affert
802 2759 1176 2825 Lobeckius
1246 2759 1316 2822 in
1382 2747 1617 2822 octava
1684 2755 2234 2842 Paralipomenon
2299 2756 2770 2840 dissertatione,

549 2882 745 2946 quam
786 2844 1122 2946 inscripsit
1166 2856 1247 2921 de
1288 2856 1502 2942 figura
1548 2854 1996 2943 etymologica.
2061 2854 2314 2920 Partim
2342 2864 2578 2939 autem,
2623 2879 2771 2921 cum

547 2959 711 3025 haec
750 2958 963 3045 figura
1002 2957 1260 3022 nonnisi
1299 2955 1386 3020 ad
1427 2954 1768 3021 formalem
1809 2945 2108 3039 (εἶδικήν)
2168 2953 2518 3020 verborum
2566 2956 2770 3021 nomi-

548 3080 828 3146 numque
888 3065 1309 3143 cognatorum
1353 3056 1865 3144 conjunctionem
1919 3054 2262 3138 respiciat,
2318 3052 2639 3143 objectum
2677 3056 2770 3120 in·

550 3159 752 3223 terius
799 3179 882 3223 ex
926 3165 1113 3243 parte
1140 3163 1389 3221 tantum
1429 3152 1551 3219 sub
1596 3154 1734 3241 ejus
1762 3152 2078 3218 rationem
2109 3151 2315 3236 cadit3
2360 3155 2597 3240 partim
2627 3153 2770 3237 hoc,

549 3259 701 3344 quia
744 3257 964 3342 stirpis
1001 3256 1396 3341 cognatione
1439 3254 1702 3317 minime
1745 3259 2097 3334 coercetur,
2139 3252 2299 3317 fines
2342 3252 2592 3338 figurae
2635 3262 2769 3340 ety-

550 3354 908 3440 mologicae
963 3357 1345 3421 constitutos
1413 3353 1609 3439 longe
1665 3350 2013 3437 egreditur.
2124 3351 2212 3416 Et
2264 3352 2456 3439 hujus
2511 3352 2770 3439 quidem

549 3453 977 3540 explicandae
1017 3455 1185 3518 ratio
1242 3461 1461 3518 exstat
1503 3449 1892 3538 simplicior,
1952 3473 2256 3537 magnam
2307 3452 2479 3516 enim
2517 3460 2767 3536 partem

549 3555 909 3639 imperante
951 3554 1098 3638 ipsa
1135 3551 1397 3638 linguae
1439 3559 1677 3616 natura
1721 3549 2096 3616 adhibetur:
2141 3548 2377 3638 objecti
2406 3561 2631 3615 contra
2674 3552 2765 3615 in·

548 3653 805 3716 terioris
846 3675 1034 3717 usum
1076 3653 1151 3733 si,
1197 3672 1392 3735 quam
1431 3651 1622 3737 longe
1664 3649 1921 3737 lateque
1964 3672 2083 3737 per
2122 3648 2409 3735 linguam
2444 3647 2768 3714 Graecam

550 3751 920 3836 divulgatus
963 3752 1066 3833 sit,
1110 3759 1493 3836 spectamus,
1534 3756 1782 3814 tantum
1821 3748 2024 3833 abest,
2071 3757 2139 3813 ut
2180 3771 2263 3813 ex
2306 3747 2435 3812 levi
2480 3746 2594 3814 illa
2629 3758 2768 3813 tan-

548 3860 684 3915 tum
724 3872 954 3933 causa,
1007 3872 1171 3937 quae
1223 3872 1379 3915 sane
1422 3848 1509 3914 ad
1564 3847 1990 3915 excolendum
2044 3872 2189 3914 eum
2244 3846 2490 3935 aliquid
2543 3847 2767 3931 valuit,

548 3958 722 4019 totus
765 3951 1047 4037 potuerit
1088 3971 1421 4033 emanare,
1471 3959 1544 4015 ut
1584 3949 1850 4034 gravior
1893 3948 1952 4013 ei
1993 3948 2176 4034 origo
2234 3946 2319 4012 sit
2371 3946 2758 4036 quaerenda.
