3167 4550
1639 274 1741 376 is

751 487 1139 580 αἰώρημα
1180 487 1638 580 κουφίζειν.

753 594 979 681 Suppl.
1034 599 1205 662 1050.
1249 585 1564 677 δύστηνον
1622 584 1930 678 αἰώρημα
1980 587 2315 681 κουφίζω,
2380 588 2608 677 πάτερ.
2695 597 2811 661 Se-

584 703 865 778 quuntur
907 692 1217 759 nonnulla
1269 692 1681 757 substantiva
1725 692 1945 757 suffixi
1992 714 2060 767 ες
2101 715 2226 780 ope
2266 694 2567 759 formata.

750 782 1074 874 *ἄλγος
1116 782 1423 873 ἀλγεῖν.

748 887 987 955 Bacch.
1042 894 1218 956 1249.
1273 890 1421 975 φεῦ,
1491 890 1619 974 φεῦ
1684 883 2101 976 φρονήσασαι
2159 884 2281 971 μὲν
2339 879 2431 955 οἷ’
2498 885 2812 972 ἐδράσατε

586 980 892 1075 ἀλγήσετ’
959 979 1167 1071 ἄλγος
1224 982 1457 1050 δεινόν.
1536 987 1895 1075 Sophocles
1954 989 2154 1055 verbo
2207 990 2426 1054 νοσεῖν
2485 991 2817 1078 subjungit

587 1078 793 1170 ἄλγος
832 1087 1001 1153 Phil.
1042 1111 1104 1153 v.
1154 1093 1327 1154 1326.
1394 1081 1471 1149 σὺ
1528 1083 1654 1169 γὰρ
1725 1090 1938 1164 νοσεῖς
1997 1081 2145 1154 τόδ’
2209 1079 2422 1171 ,ἄλγος
2483 1083 2556 1150 ἐκ
2619 1082 2820 1165 θείας

583 1179 790 1272 τώωε

752 1279 1094 1360 *πάθος
1136 1276 1496 1361 πάσχειν.

753 1385 948 1452 Herc.
1009 1386 1084 1449 F.
1133 1389 1305 1450 1167.
1393 1374 1750 1461 ἐπάθομεν
1813 1376 2052 1446 πάθεα
2109 1378 2319 1465 μέλεα
2379 1380 2548 1465 πρὸς
2611 1387 2815 1452 θεῶν.

590 1483 822 1571 Suppl.
865 1490 1002 1551 794.
1045 1483 1107 1545 τί
1145 1475 1267 1562 μὲν
1311 1476 1433 1564 γὰρ
1470 1471 1757 1564 ἤλπιζον
1797 1472 1880 1543 ἂν
1936 1478 2360 1547 πεπονθέναι
2418 1479 2652 1559 πάθος
2692 1507 2817 1548 πε-

588 1576 848 1663 ρισσόν,·
890 1581 1064 1647 Med.
1095 1587 1233 1648 651.
1277 1581 1640 1642 παθοῦσαν
1681 1574 2032 1645 δεινότατα
2075 1576 2379 1649 παθέων.
2426 1584 2590 1648 conf.
2619 1583 2814 1671 Soph.

591 1681 799 1748 Elect.
842 1688 983 1749 209.
1028 1672 1308 1758 ποίνιμα
1353 1671 1592 1739 πάθεα
1637 1680 1911 1755 παθεῖν,
1958 1679 2192 1746 Aesoh.
2236 1680 2420 1745 Eum.
2469 1689 2604 1750 146.
2645 1676 2817 1746 ε’πά-

588 1785 800 1860 θομεν
840 1772 1073 1854 πάθος
1117 1771 1408 1854 δυσαχές,
1457 1775 1745 1862 Choeph.
1789 1784 1926 1844 419.
1992 1772 2311 1860 πάθομεν
2354 1771 2552 1858 ἄχεα,
2613 1781 2814 1847 Arist.

592 1879 985 1965 Thesmoph.
1019 1883 1194 1945 1037.
1239 1870 1558 1939 πέπονθα
1601 1869 1860 1952 πάθεα,
1893 1876 2145 1944 Platon.
2178 1877 2379 1964 Gorg.
2416 1886 2554 1944 522.
2585 1888 2649 1944 et
2675 1887 2817 1947 525.

591 1971 789 2064 πάθη
857 1979 1142 2053 παθεῖν,
1215 1975 1374 2040 ibid.
1419 1980 1558 2043 526.
1622 1968 1819 2059 πάθη
1886 1967 2278 2063 ἀνατλῆναι,
2355 1982 2523 2043 siout
2584 1977 2814 2065 Eurip.

591 2077 835 2142 Phoen.
863 2086 961 2146 60.
1006 2064 1062 2139 ὦ
1096 2066 1283 2137 πάντ’
1331 2066 1698 2149 ἀνατλὰς
1740 2065 2068 2150 Οἰδίπους
2108 2074 2577 2162 παθήματα.
2622 2077 2813 2164 Soph.

596 2177 760 2242 Oed.
801 2176 877 2240 R.
919 2182 1057 2242 553.
1113 2170 1191 2238 τὸ
1234 2169 1307 2236 δὲ
1349 2164 1657 2257 πάθημ),
1719 2166 1960 2237 ὁποῖον
2002 2172 2140 2259 φής
2192 2177 2475 2252 παθεῖν,
2547 2170 2819 2257 δίδασκέ

594 2298 724 2357 μοι.
798 2274 1064 2359 Oed20.
1096 2280 1236 2341 361.
1283 2268 1365 2337 τὰ
1408 2267 1530 2354 μὲν
1572 2264 1945 2360 παθήματ),
1981 2267 2262 2337 ἅπαθον
2305 2272 2441 2340 κτλ.
2483 2276 2821 2341 Demosth.

598 2375 746 2441 Cor.
791 2396 941 2462 pag.
989 2380 1130 2457 240,
1177 2379 1229 2438 1.
1275 2365 1508 2447 πάθος
1546 2367 1991 2435 πεπονθέναι.

1613 2553 1677 2685 ιὲ
1722 2611 1777 2674 8.

761 2755 853 2820 Iis
895 2753 1282 2837 nominibus,
1328 2776 1491 2841 quae
1532 2752 1913 2818 suffixorum
1959 2776 2018 2830 ο,
2048 2777 2111 2830 α,
2152 2758 2229 2840 [η]
2274 2778 2396 2842 ope
2443 2757 2817 2837 formantur,

600 2876 807 2938 neque
864 2854 1137 2919 actionis
1195 2875 1401 2937 neque
1456 2852 1666 2917 effecti
1709 2864 1953 2918 certam
1995 2856 2206 2919 inesse
2262 2856 2587 2920 notionem
2628 2875 2816 2940 para-

601 2952 856 3040 grapho
901 2961 1136 3039 quarta
1179 2949 1335 3015 dixi.
1420 2951 1508 3015 Et
1545 2952 1612 3015 in
1654 2953 2025 3017 universum
2083 2952 2338 3041 quidem
2358 3003 2376 3037 ,
2438 2976 2559 3042 quo
2613 2954 2816 3018 minu·

599 3053 768 3116 tiora
810 3060 957 3115 sunt
1002 3050 1380 3116 suffixorum
1427 3050 1847 3136 corpuscula,
1893 3074 1968 3116 eo
2013 3054 2223 3139 magis
2266 3051 2632 3138 generalem
2675 3051 2818 3116 sub-

603 3151 901 3215 stantivis
920 3198 939 3232 ,
999 3171 1167 3236 quae
1222 3149 1478 3215 illorum
1533 3171 1655 3235 ope
1710 3149 1990 3215 formata
2045 3160 2223 3230 sunt,
2286 3151 2823 3238 significationem

600 3252 811 3314 inesse
854 3257 1032 3335 puto.
1115 3243 1403 3313 Maxime
1445 3247 1750 3314 videlicet
1791 3248 1915 3314 hoo
1966 3249 2046 3314 de
2098 3251 2178 3315 iis
2234 3251 2602 3315 nominibus
2614 3299 2633 3333 ,
2690 3252 2826 3314 sine

602 3348 732 3413 ullo
778 3347 1012 3414 suffixo
1048 3357 1222 3433 'quae
1265 3347 1647 3431 formantur,
1694 3350 2099 3415 statuendum
2142 3358 2258 3414 est.
2314 3348 2568 3413 Eadem
2611 3358 2826 3413 autem

604 3470 802 3513 causa
839 3453 969 3530 est,
1025 3469 1139 3511 our
1193 3447 1504 3532 ejusmodi
1550 3446 1958 3513 substantiva
1997 3449 2186 3514 modo
2225 3451 2578 3530 actionem,
2637 3446 2827 3512 modo

606 3547 919 3629 effectum,
962 3546 1155 3610 modo
1200 3555 1435 3611 statum
1479 3546 1849 3631 significare
1892 3549 2158 3634 possint.

766 3645 917 3711 Jam
966 3647 1250 3732 primum
1294 3644 1379 3710 ad
1423 3645 1747 3711 secundae
1792 3645 2241 3711 declinationis
2276 3644 2638 3711 masculina
2679 3668 2822 3732 per-

603 3765 847 3829 gamus.
1402 3775 1413 3808 ι

768 3851 1095 3942 *γάμον
1134 3860 1441 3942 γαμεῖν.

768 3959 1119 4025 Latissime
1181 3959 1371 4047 hujus
1438 3959 1786 4025 verborum
1854 3958 2340 4047 compositionis
2413 3968 2594 4045 patet
2650 3978 2823 4038 usus,
