<?xml version="1.0" encoding="UTF-8"?>
<!DOCTYPE html PUBLIC "-//W3C//DTD XHTML 1.0 Transitional//EN"
    "http://www.w3.org/TR/xhtml1/DTD/xhtml1-transitional.dtd">
<html xmlns="http://www.w3.org/1999/xhtml" xml:lang="en" lang="en">
 <head>
  <title>
</title>
<meta http-equiv="Content-Type" content="text/html;charset=utf-8" />
  <meta name='ocr-system' content='tesseract 3.04.00' />
  <meta name='ocr-capabilities' content='ocr_page ocr_carea ocr_par ocr_line ocrx_word'/>
</head>
<body>
  <div class='ocr_page' id='page_1' title='image "./deobiectiquoddi01gngoog_0016.png"; bbox 0 0 3167 4550; ppageno 0'>
   <div class='ocr_carea' id='block_1_1' title="bbox 1550 292 1665 362">
    <p class='ocr_par' dir='ltr' id='par_1_1' title="bbox 1550 292 1665 362">
     <span class='ocr_line' id='line_1_1' title="bbox 1550 292 1665 362; baseline 0 -11"><span class='ocrx_word' id='word_1_1' title='bbox 1550 292 1665 362; x_wconf 58' lang='lat'>,12</span> 
     </span>
    </p>
   </div>
   <div class='ocr_carea' id='block_1_2' title="bbox 508 467 2744 3342">
    <p class='ocr_par' dir='ltr' id='par_1_2' title="bbox 508 467 2736 1451">
     <span class='ocr_line' id='line_1_2' title="bbox 508 467 2732 557; baseline -0 -20"><span class='ocrx_word' id='word_1_2' title='bbox 508 495 640 555; x_wconf 89' lang='lat' dir='ltr'>rus,</span> <span class='ocrx_word' id='word_1_3' title='bbox 683 492 1072 557; x_wconf 91' lang='lat' dir='ltr'>quamquam</span> <span class='ocrx_word' id='word_1_4' title='bbox 1113 492 1242 534; x_wconf 93' lang='lat' dir='ltr'>non</span> <span class='ocrx_word' id='word_1_5' title='bbox 1285 470 1498 536; x_wconf 90' lang='lat' dir='ltr'>minus</span> <span class='ocrx_word' id='word_1_6' title='bbox 1539 467 1626 533; x_wconf 90' lang='lat' dir='ltr'>ad</span> <span class='ocrx_word' id='word_1_7' title='bbox 1653 468 1976 540; x_wconf 88' lang='lat' dir='ltr'>Wunderi</span> <span class='ocrx_word' id='word_1_8' title='bbox 2008 469 2390 534; x_wconf 89' lang='lat' dir='ltr'>sententiam</span> <span class='ocrx_word' id='word_1_9' title='bbox 2429 493 2498 535; x_wconf 90' lang='lat' dir='ltr'>se</span> <span class='ocrx_word' id='word_1_10' title='bbox 2543 469 2732 536; x_wconf 88' lang='lat' dir='ltr'>accli-</span> 
     </span>
     <span class='ocr_line' id='line_1_3' title="bbox 509 568 2730 657; baseline -0.001 -21"><span class='ocrx_word' id='word_1_11' title='bbox 509 581 638 650; x_wconf 92' lang='lat' dir='ltr'>nat,</span> <span class='ocrx_word' id='word_1_12' title='bbox 688 569 898 635; x_wconf 83' lang='lat' dir='ltr'>Curtii</span> <span class='ocrx_word' id='word_1_13' title='bbox 941 578 1153 634; x_wconf 87' lang='lat' dir='ltr'>tamen</span> <span class='ocrx_word' id='word_1_14' title='bbox 1196 569 1435 657; x_wconf 88' lang='lat' dir='ltr'>objecti</span> <span class='ocrx_word' id='word_1_15' title='bbox 1476 569 1806 635; x_wconf 89' lang='lat' dir='ltr'>interioris</span> <span class='ocrx_word' id='word_1_16' title='bbox 1851 569 2290 634; x_wconf 91' lang='lat' dir='ltr'>definitionem</span> <span class='ocrx_word' id='word_1_17' title='bbox 2342 569 2625 644; x_wconf 88' lang='lat' dir='ltr'>(inneres</span> <span class='ocrx_word' id='word_1_18' title='bbox 2671 568 2730 635; x_wconf 94' lang='lat' dir='ltr'>d.</span> 
     </span>
     <span class='ocr_line' id='line_1_4' title="bbox 510 667 2732 756; baseline -0.001 -22"><span class='ocrx_word' id='word_1_19' title='bbox 510 671 553 736; x_wconf 93' lang='lat' dir='ltr'>i.</span> <span class='ocrx_word' id='word_1_20' title='bbox 595 671 662 733; x_wconf 94' lang='lat' dir='ltr'>in</span> <span class='ocrx_word' id='word_1_21' title='bbox 707 669 821 733; x_wconf 89' lang='lat' dir='ltr'>der</span> <span class='ocrx_word' id='word_1_22' title='bbox 867 667 1225 755; x_wconf 88' lang='lat' dir='ltr'>Handlung</span> <span class='ocrx_word' id='word_1_23' title='bbox 1269 669 1470 734; x_wconf 89' lang='lat' dir='ltr'>selbst</span> <span class='ocrx_word' id='word_1_24' title='bbox 1515 668 1717 733; x_wconf 87' lang='lat' dir='ltr'>schon</span> <span class='ocrx_word' id='word_1_25' title='bbox 1759 667 2157 735; x_wconf 90' lang='lat' dir='ltr'>enthaltenes</span> <span class='ocrx_word' id='word_1_26' title='bbox 2203 667 2467 755; x_wconf 82' lang='lat' dir='ltr'>ObJ&#39;ect)</span> <span class='ocrx_word' id='word_1_27' title='bbox 2525 670 2732 756; x_wconf 91' lang='lat' dir='ltr'>sequi-</span> 
     </span>
     <span class='ocr_line' id='line_1_5' title="bbox 510 767 2732 855; baseline -0 -22"><span class='ocrx_word' id='word_1_28' title='bbox 510 777 629 834; x_wconf 94' lang='lat' dir='ltr'>tur.</span> <span class='ocrx_word' id='word_1_29' title='bbox 717 767 847 833; x_wconf 86' lang='lat' dir='ltr'>Sed</span> <span class='ocrx_word' id='word_1_30' title='bbox 891 767 1161 855; x_wconf 83' lang='lat' dir='ltr'>perinde</span> <span class='ocrx_word' id='word_1_31' title='bbox 1204 778 1396 854; x_wconf 91' lang='lat' dir='ltr'>atque</span> <span class='ocrx_word' id='word_1_32' title='bbox 1438 768 1562 833; x_wconf 88' lang='lat' dir='ltr'>hac</span> <span class='ocrx_word' id='word_1_33' title='bbox 1606 767 1973 833; x_wconf 89' lang='lat' dir='ltr'>definitione</span> <span class='ocrx_word' id='word_1_34' title='bbox 2027 767 2291 832; x_wconf 92' lang='lat' dir='ltr'>nomina</span> <span class='ocrx_word' id='word_1_35' title='bbox 2343 791 2563 833; x_wconf 91' lang='lat' dir='ltr'>rerum</span> <span class='ocrx_word' id='word_1_36' title='bbox 2618 768 2732 832; x_wconf 89' lang='lat' dir='ltr'>mi-</span> 
     </span>
     <span class='ocr_line' id='line_1_6' title="bbox 512 866 2731 953; baseline 0 -21"><span class='ocrx_word' id='word_1_37' title='bbox 512 869 683 933; x_wconf 93' lang='lat' dir='ltr'>nime</span> <span class='ocrx_word' id='word_1_38' title='bbox 725 866 1185 949; x_wconf 83' lang='lat' dir='ltr'>excluduntur,</span> <span class='ocrx_word' id='word_1_39' title='bbox 1230 868 1510 932; x_wconf 83' lang='lat' dir='ltr'>eximiae</span> <span class='ocrx_word' id='word_1_40' title='bbox 1551 867 1747 943; x_wconf 83' lang='lat' dir='ltr'>illius,</span> <span class='ocrx_word' id='word_1_41' title='bbox 1793 877 1864 933; x_wconf 91' lang='lat' dir='ltr'>ut</span> <span class='ocrx_word' id='word_1_42' title='bbox 1905 867 2048 953; x_wconf 87' lang='lat' dir='ltr'>ipse</span> <span class='ocrx_word' id='word_1_43' title='bbox 2089 866 2327 932; x_wconf 87' lang='lat' dir='ltr'>fatetur</span> <span class='ocrx_word' id='word_1_44' title='bbox 2370 866 2731 952; x_wconf 91' lang='lat' dir='ltr'>Kolsterus,</span> 
     </span>
     <span class='ocr_line' id='line_1_7' title="bbox 511 966 2734 1054; baseline -0 -22"><span class='ocrx_word' id='word_1_45' title='bbox 511 968 967 1054; x_wconf 76' lang='lat' dir='ltr'>grammatices</span> <span class='ocrx_word' id='word_1_46' title='bbox 1010 974 1233 1031; x_wconf 80' lang='lat' dir='ltr'>auctor</span> <span class='ocrx_word' id='word_1_47' title='bbox 1282 966 1764 1053; x_wconf 88' lang='lat' dir='ltr'>sapientissima</span> <span class='ocrx_word' id='word_1_48' title='bbox 1818 988 2046 1049; x_wconf 89' lang='lat' dir='ltr'>causa,</span> <span class='ocrx_word' id='word_1_49' title='bbox 2092 967 2352 1053; x_wconf 86' lang='lat' dir='ltr'>opinor,</span> <span class='ocrx_word' id='word_1_50' title='bbox 2417 989 2571 1032; x_wconf 91' lang='lat' dir='ltr'>usus</span> <span class='ocrx_word' id='word_1_51' title='bbox 2617 976 2734 1050; x_wconf 86' lang='lat' dir='ltr'>est,</span> 
     </span>
     <span class='ocr_line' id='line_1_8' title="bbox 514 1059 2730 1152; baseline -0.002 -20"><span class='ocrx_word' id='word_1_52' title='bbox 514 1089 657 1132; x_wconf 90' lang='lat' dir='ltr'>cum</span> <span class='ocrx_word' id='word_1_53' title='bbox 699 1066 767 1130; x_wconf 95' lang='lat' dir='ltr'>in</span> <span class='ocrx_word' id='word_1_54' title='bbox 812 1064 1259 1152; x_wconf 86' lang='lat' dir='ltr'>exemplorum</span> <span class='ocrx_word' id='word_1_55' title='bbox 1296 1088 1564 1131; x_wconf 90' lang='lat' dir='ltr'>numero</span> <span class='ocrx_word' id='word_1_56' title='bbox 1622 1066 1969 1130; x_wconf 80' lang='lat' dir='ltr'>collocaret</span> <span class='ocrx_word' id='word_1_57' title='bbox 2021 1063 2224 1129; x_wconf 89' lang='lat' dir='ltr'>verba</span> <span class='ocrx_word' id='word_1_58' title='bbox 2271 1064 2483 1142; x_wconf 81' lang='grc' dir='ltr'><strong><em>τεῖχος</em></strong></span> <span class='ocrx_word' id='word_1_59' title='bbox 2536 1059 2730 1144; x_wconf 84' lang='grc' dir='ltr'><strong><em>τειχί-</em></strong></span> 
     </span>
     <span class='ocr_line' id='line_1_9' title="bbox 515 1163 2736 1250; baseline 0 -21"><span class='ocrx_word' id='word_1_60' title='bbox 515 1163 771 1244; x_wconf 78' lang='grc' dir='ltr'><strong><em>ζεσθαι.</em></strong></span> <span class='ocrx_word' id='word_1_61' title='bbox 861 1163 1178 1245; x_wconf 80' lang='lat' dir='ltr'>Quamvis</span> <span class='ocrx_word' id='word_1_62' title='bbox 1225 1174 1457 1247; x_wconf 88' lang='lat' dir='ltr'>autem,</span> <span class='ocrx_word' id='word_1_63' title='bbox 1501 1174 1572 1230; x_wconf 91' lang='lat' dir='ltr'>ut</span> <span class='ocrx_word' id='word_1_64' title='bbox 1615 1187 1760 1229; x_wconf 90' lang='lat' dir='ltr'>mea</span> <span class='ocrx_word' id='word_1_65' title='bbox 1787 1165 1912 1229; x_wconf 89' lang='lat' dir='ltr'>fert</span> <span class='ocrx_word' id='word_1_66' title='bbox 1942 1165 2183 1250; x_wconf 89' lang='lat' dir='ltr'>opinio,</span> <span class='ocrx_word' id='word_1_67' title='bbox 2229 1165 2589 1229; x_wconf 90' lang='lat' dir='ltr'>concretius</span> <span class='ocrx_word' id='word_1_68' title='bbox 2619 1166 2736 1230; x_wconf 84' lang='lat' dir='ltr'>vix</span> 
     </span>
     <span class='ocr_line' id='line_1_10' title="bbox 517 1264 2733 1353; baseline -0.001 -23"><span class='ocrx_word' id='word_1_69' title='bbox 517 1265 867 1353; x_wconf 89' lang='lat' dir='ltr'>quidquam</span> <span class='ocrx_word' id='word_1_70' title='bbox 910 1265 1120 1351; x_wconf 82' lang='lat' dir='ltr'>possit</span> <span class='ocrx_word' id='word_1_71' title='bbox 1163 1265 1442 1329; x_wconf 85' lang='lat' dir='ltr'>inveniri</span> <span class='ocrx_word' id='word_1_72' title='bbox 1486 1287 1704 1347; x_wconf 89' lang='lat' dir='ltr'>muro,</span> <span class='ocrx_word' id='word_1_73' title='bbox 1750 1287 1936 1329; x_wconf 91' lang='lat' dir='ltr'>nemo</span> <span class='ocrx_word' id='word_1_74' title='bbox 1981 1272 2197 1328; x_wconf 90' lang='lat' dir='ltr'>tamen</span> <span class='ocrx_word' id='word_1_75' title='bbox 2240 1264 2378 1350; x_wconf 88' lang='lat' dir='ltr'>ejus</span> <span class='ocrx_word' id='word_1_76' title='bbox 2424 1264 2520 1327; x_wconf 89' lang='lat' dir='ltr'>rei</span> <span class='ocrx_word' id='word_1_77' title='bbox 2562 1287 2733 1328; x_wconf 89' lang='lat' dir='ltr'>men-</span> 
     </span>
     <span class='ocr_line' id='line_1_11' title="bbox 512 1362 2735 1451; baseline -0 -23"><span class='ocrx_word' id='word_1_78' title='bbox 512 1367 754 1429; x_wconf 89' lang='lat' dir='ltr'>tionem</span> <span class='ocrx_word' id='word_1_79' title='bbox 781 1365 952 1446; x_wconf 87' lang='lat' dir='ltr'>fecit,</span> <span class='ocrx_word' id='word_1_80' title='bbox 999 1362 1169 1449; x_wconf 92' lang='lat' dir='ltr'>quod</span> <span class='ocrx_word' id='word_1_81' title='bbox 1194 1386 1322 1451; x_wconf 93' lang='lat' dir='ltr'>qua</span> <span class='ocrx_word' id='word_1_82' title='bbox 1344 1363 1424 1427; x_wconf 92' lang='lat' dir='ltr'>de</span> <span class='ocrx_word' id='word_1_83' title='bbox 1453 1384 1652 1428; x_wconf 88' lang='lat' dir='ltr'>causa</span> <span class='ocrx_word' id='word_1_84' title='bbox 1683 1364 1922 1428; x_wconf 87' lang='lat' dir='ltr'>factum</span> <span class='ocrx_word' id='word_1_85' title='bbox 1964 1364 2045 1427; x_wconf 89' lang='lat' dir='ltr'>sit</span> <span class='ocrx_word' id='word_1_86' title='bbox 2073 1362 2439 1449; x_wconf 87' lang='lat' dir='ltr'>disceptare</span> <span class='ocrx_word' id='word_1_87' title='bbox 2467 1386 2735 1449; x_wconf 77' lang='lat' dir='ltr'>nequeo,</span> 
     </span>
    </p>

    <p class='ocr_par' dir='ltr' id='par_1_3' title="bbox 513 1462 2744 3342">
     <span class='ocr_line' id='line_1_12' title="bbox 676 1462 2736 1549; baseline 0 -22"><span class='ocrx_word' id='word_1_88' title='bbox 676 1464 765 1527; x_wconf 88' lang='lat' dir='ltr'>Et</span> <span class='ocrx_word' id='word_1_89' title='bbox 806 1485 961 1527; x_wconf 92' lang='lat' dir='ltr'>sane</span> <span class='ocrx_word' id='word_1_90' title='bbox 1005 1462 1265 1549; x_wconf 90' lang='lat' dir='ltr'>quidem</span> <span class='ocrx_word' id='word_1_91' title='bbox 1307 1486 1435 1528; x_wconf 89' lang='lat' dir='ltr'>non</span> <span class='ocrx_word' id='word_1_92' title='bbox 1478 1486 1700 1527; x_wconf 91' lang='lat' dir='ltr'>omnes</span> <span class='ocrx_word' id='word_1_93' title='bbox 1730 1462 2078 1528; x_wconf 88' lang='lat' dir='ltr'>verborum</span> <span class='ocrx_word' id='word_1_94' title='bbox 2108 1485 2253 1527; x_wconf 92' lang='lat' dir='ltr'>cum</span> <span class='ocrx_word' id='word_1_95' title='bbox 2292 1474 2736 1527; x_wconf 91' lang='lat' dir='ltr'>concretorum</span> 
     </span>
     <span class='ocr_line' id='line_1_13' title="bbox 513 1562 2734 1649; baseline 0 -22"><span class='ocrx_word' id='word_1_96' title='bbox 513 1564 839 1628; x_wconf 89' lang='lat' dir='ltr'>nominum</span> <span class='ocrx_word' id='word_1_97' title='bbox 885 1562 1276 1627; x_wconf 83' lang='lat' dir='ltr'>accusativis</span> <span class='ocrx_word' id='word_1_98' title='bbox 1322 1564 1803 1649; x_wconf 89' lang='lat' dir='ltr'>conjunctiones</span> <span class='ocrx_word' id='word_1_99' title='bbox 1845 1562 1971 1626; x_wconf 91' lang='lat' dir='ltr'>huc</span> <span class='ocrx_word' id='word_1_100' title='bbox 2008 1584 2230 1627; x_wconf 82' lang='grc'><strong>1661111</strong></span> <span class='ocrx_word' id='word_1_101' title='bbox 2235 1571 2378 1645; x_wconf 92' lang='lat' dir='ltr'>unt,</span> <span class='ocrx_word' id='word_1_102' title='bbox 2440 1562 2554 1626; x_wconf 91' lang='lat' dir='ltr'>sed</span> <span class='ocrx_word' id='word_1_103' title='bbox 2604 1586 2734 1627; x_wconf 89' lang='lat' dir='ltr'>ma</span> 
     </span>
     <span class='ocr_line' id='line_1_14' title="bbox 516 1659 2736 1754; baseline 0 -29"><span class='ocrx_word' id='word_1_104' title='bbox 516 1684 717 1748; x_wconf 89' lang='lat' dir='ltr'>gnum</span> <span class='ocrx_word' id='word_1_105' title='bbox 763 1661 1114 1726; x_wconf 83' lang='lat' dir='ltr'>discrimen</span> <span class='ocrx_word' id='word_1_106' title='bbox 1155 1659 1521 1726; x_wconf 90' lang='lat' dir='ltr'>faciendum</span> <span class='ocrx_word' id='word_1_107' title='bbox 1565 1668 1680 1754; x_wconf 86' lang='lat' dir='ltr'>est.</span> <span class='ocrx_word' id='word_1_108' title='bbox 1766 1660 1980 1725; x_wconf 90' lang='lat' dir='ltr'>Antea</span> <span class='ocrx_word' id='word_1_109' title='bbox 2046 1662 2215 1725; x_wconf 89' lang='lat' dir='ltr'>enim</span> <span class='ocrx_word' id='word_1_110' title='bbox 2270 1663 2401 1747; x_wconf 89' lang='lat' dir='ltr'>jam</span> <span class='ocrx_word' id='word_1_111' title='bbox 2455 1661 2736 1726; x_wconf 88' lang='lat' dir='ltr'>vidimus</span> 
     </span>
     <span class='ocr_line' id='line_1_15' title="bbox 516 1759 2740 1849; baseline -0 -23"><span class='ocrx_word' id='word_1_112' title='bbox 516 1761 837 1849; x_wconf 89' lang='lat' dir='ltr'>objectum</span> <span class='ocrx_word' id='word_1_113' title='bbox 937 1761 1207 1825; x_wconf 91' lang='lat' dir='ltr'>interius</span> <span class='ocrx_word' id='word_1_114' title='bbox 1316 1761 1591 1825; x_wconf 87' lang='lat' dir='ltr'>formam</span> <span class='ocrx_word' id='word_1_115' title='bbox 1693 1760 2002 1824; x_wconf 88' lang='lat' dir='ltr'>denotare</span> <span class='ocrx_word' id='word_1_116' title='bbox 2090 1759 2446 1825; x_wconf 87' lang='lat' dir='ltr'>effectionis</span> <span class='ocrx_word' id='word_1_117' title='bbox 2536 1760 2740 1838; x_wconf 89' lang='lat' dir='ltr'>verbi,</span> 
     </span>
     <span class='ocr_line' id='line_1_16' title="bbox 515 1859 2732 1945; baseline -0 -19"><span class='ocrx_word' id='word_1_118' title='bbox 515 1862 726 1926; x_wconf 90' lang='lat' dir='ltr'>forma</span> <span class='ocrx_word' id='word_1_119' title='bbox 787 1869 1003 1924; x_wconf 91' lang='lat' dir='ltr'>autem</span> <span class='ocrx_word' id='word_1_120' title='bbox 1060 1859 1254 1942; x_wconf 90' lang='lat' dir='ltr'>haec,</span> <span class='ocrx_word' id='word_1_121' title='bbox 1317 1859 1492 1945; x_wconf 92' lang='lat' dir='ltr'>quod</span> <span class='ocrx_word' id='word_1_122' title='bbox 1557 1861 1787 1925; x_wconf 89' lang='lat' dir='ltr'>attinet</span> <span class='ocrx_word' id='word_1_123' title='bbox 1852 1859 1937 1924; x_wconf 92' lang='lat' dir='ltr'>ad</span> <span class='ocrx_word' id='word_1_124' title='bbox 2000 1860 2262 1924; x_wconf 89' lang='lat' dir='ltr'>nomina</span> <span class='ocrx_word' id='word_1_125' title='bbox 2336 1883 2584 1943; x_wconf 74' lang='lat' dir='ltr'>rerum,</span> <span class='ocrx_word' id='word_1_126' title='bbox 2640 1883 2732 1925; x_wconf 90' lang='lat' dir='ltr'>se-</span> 
     </span>
     <span class='ocr_line' id='line_1_17' title="bbox 522 1958 2741 2047; baseline 0 -23"><span class='ocrx_word' id='word_1_127' title='bbox 522 1958 801 2025; x_wconf 91' lang='lat' dir='ltr'>cundum</span> <span class='ocrx_word' id='word_1_128' title='bbox 847 1960 1141 2047; x_wconf 92' lang='lat' dir='ltr'>ipsorum</span> <span class='ocrx_word' id='word_1_129' title='bbox 1181 1968 1480 2023; x_wconf 88' lang='lat' dir='ltr'>naturam</span> <span class='ocrx_word' id='word_1_130' title='bbox 1523 1982 1690 2023; x_wconf 91' lang='lat' dir='ltr'>unus</span> <span class='ocrx_word' id='word_1_131' title='bbox 1736 1981 1877 2023; x_wconf 89' lang='lat' dir='ltr'>esse</span> <span class='ocrx_word' id='word_1_132' title='bbox 1917 1967 2133 2045; x_wconf 88' lang='lat' dir='ltr'>potest</span> <span class='ocrx_word' id='word_1_133' title='bbox 2162 1959 2446 2025; x_wconf 88' lang='lat' dir='ltr'>effectus.</span> <span class='ocrx_word' id='word_1_134' title='bbox 2513 1958 2741 2047; x_wconf 91' lang='lat' dir='ltr'>Itaque</span> 
     </span>
     <span class='ocr_line' id='line_1_18' title="bbox 527 2056 2738 2149; baseline -0.001 -24"><span class='ocrx_word' id='word_1_135' title='bbox 527 2061 818 2149; x_wconf 87' lang='lat' dir='ltr'>quaestio</span> <span class='ocrx_word' id='word_1_136' title='bbox 841 2108 859 2142; x_wconf 96' lang='lat'>,</span> <span class='ocrx_word' id='word_1_137' title='bbox 928 2067 1143 2124; x_wconf 89' lang='lat' dir='ltr'>utrum</span> <span class='ocrx_word' id='word_1_138' title='bbox 1212 2060 1576 2146; x_wconf 89' lang='lat' dir='ltr'>conjunctio</span> <span class='ocrx_word' id='word_1_139' title='bbox 1643 2059 1961 2144; x_wconf 88' lang='lat' dir='ltr'>quaedam</span> <span class='ocrx_word' id='word_1_140' title='bbox 2027 2056 2492 2123; x_wconf 89' lang='lat' dir='ltr'>vocabulorum</span> <span class='ocrx_word' id='word_1_141' title='bbox 2557 2058 2619 2124; x_wconf 89' lang='lat' dir='ltr'>h.</span> <span class='ocrx_word' id='word_1_142' title='bbox 2688 2081 2738 2124; x_wconf 90' lang='grc'>6.</span> 
     </span>
     <span class='ocr_line' id='line_1_19' title="bbox 523 2157 2743 2247; baseline -0.001 -22"><span class='ocrx_word' id='word_1_143' title='bbox 523 2160 711 2225; x_wconf 85' lang='lat' dir='ltr'>verbi</span> <span class='ocrx_word' id='word_1_144' title='bbox 769 2158 1107 2247; x_wconf 88' lang='lat' dir='ltr'>cujusdam</span> <span class='ocrx_word' id='word_1_145' title='bbox 1166 2181 1308 2222; x_wconf 90' lang='lat' dir='ltr'>cum</span> <span class='ocrx_word' id='word_1_146' title='bbox 1361 2160 1620 2223; x_wconf 87' lang='lat' dir='ltr'>nomine</span> <span class='ocrx_word' id='word_1_147' title='bbox 1677 2167 2004 2240; x_wconf 89' lang='lat' dir='ltr'>concreto,</span> <span class='ocrx_word' id='word_1_148' title='bbox 2063 2157 2187 2221; x_wconf 90' lang='lat' dir='ltr'>huc</span> <span class='ocrx_word' id='word_1_149' title='bbox 2238 2158 2609 2223; x_wconf 88' lang='lat' dir='ltr'>revocanda</span> <span class='ocrx_word' id='word_1_150' title='bbox 2660 2159 2743 2222; x_wconf 89' lang='lat' dir='ltr'>sit</span> 
     </span>
     <span class='ocr_line' id='line_1_20' title="bbox 523 2256 2742 2347; baseline -0.001 -22"><span class='ocrx_word' id='word_1_151' title='bbox 523 2284 745 2344; x_wconf 91' lang='lat' dir='ltr'>necne,</span> <span class='ocrx_word' id='word_1_152' title='bbox 789 2258 1039 2324; x_wconf 92' lang='lat' dir='ltr'>duabus</span> <span class='ocrx_word' id='word_1_153' title='bbox 1080 2258 1398 2344; x_wconf 86' lang='lat' dir='ltr'>imprimis</span> <span class='ocrx_word' id='word_1_154' title='bbox 1441 2256 1635 2323; x_wconf 89' lang='lat' dir='ltr'>rebus</span> <span class='ocrx_word' id='word_1_155' title='bbox 1678 2256 2090 2347; x_wconf 89' lang='lat' dir='ltr'>dijudicatur.</span> <span class='ocrx_word' id='word_1_156' title='bbox 2158 2256 2248 2322; x_wconf 91' lang='lat' dir='ltr'>Ut</span> <span class='ocrx_word' id='word_1_157' title='bbox 2277 2259 2447 2323; x_wconf 92' lang='lat' dir='ltr'>enim</span> <span class='ocrx_word' id='word_1_158' title='bbox 2474 2258 2742 2322; x_wconf 86' lang='lat' dir='ltr'>interius</span> 
     </span>
     <span class='ocr_line' id='line_1_21' title="bbox 524 2357 2740 2447; baseline -0.002 -22"><span class='ocrx_word' id='word_1_159' title='bbox 524 2362 607 2425; x_wconf 91' lang='lat' dir='ltr'>sit</span> <span class='ocrx_word' id='word_1_160' title='bbox 650 2360 990 2447; x_wconf 89' lang='lat' dir='ltr'>objectum,</span> <span class='ocrx_word' id='word_1_161' title='bbox 1035 2359 1313 2444; x_wconf 89' lang='lat' dir='ltr'>primum</span> <span class='ocrx_word' id='word_1_162' title='bbox 1362 2358 1580 2441; x_wconf 87' lang='lat' dir='ltr'>verbo,</span> <span class='ocrx_word' id='word_1_163' title='bbox 1628 2381 1712 2423; x_wconf 86' lang='lat' dir='ltr'>ex</span> <span class='ocrx_word' id='word_1_164' title='bbox 1758 2381 1882 2445; x_wconf 92' lang='lat' dir='ltr'>quo</span> <span class='ocrx_word' id='word_1_165' title='bbox 1927 2358 2193 2445; x_wconf 86' lang='lat' dir='ltr'>pendet,</span> <span class='ocrx_word' id='word_1_166' title='bbox 2237 2357 2551 2441; x_wconf 87' lang='lat' dir='ltr'>faciendi,</span> <span class='ocrx_word' id='word_1_167' title='bbox 2611 2358 2740 2422; x_wconf 87' lang='lat' dir='ltr'>effi-</span> 
     </span>
     <span class='ocr_line' id='line_1_22' title="bbox 525 2457 2742 2545; baseline -0.002 -20"><span class='ocrx_word' id='word_1_168' title='bbox 525 2459 737 2525; x_wconf 91' lang='lat' dir='ltr'>ciendi</span> <span class='ocrx_word' id='word_1_169' title='bbox 779 2460 954 2524; x_wconf 92' lang='lat' dir='ltr'>notio</span> <span class='ocrx_word' id='word_1_170' title='bbox 998 2458 1152 2522; x_wconf 88' lang='lat' dir='ltr'>insit</span> <span class='ocrx_word' id='word_1_171' title='bbox 1190 2479 1456 2523; x_wconf 90' lang='lat' dir='ltr'>necesse</span> <span class='ocrx_word' id='word_1_172' title='bbox 1500 2466 1612 2522; x_wconf 87' lang='lat' dir='ltr'>est.</span> <span class='ocrx_word' id='word_1_173' title='bbox 1673 2457 1930 2531; x_wconf 89' lang='lat' dir='ltr'>Deinde</span> <span class='ocrx_word' id='word_1_174' title='bbox 1971 2458 2341 2545; x_wconf 83' lang='lat' dir='ltr'>requiritur,</span> <span class='ocrx_word' id='word_1_175' title='bbox 2384 2467 2454 2522; x_wconf 92' lang='lat' dir='ltr'>ut</span> <span class='ocrx_word' id='word_1_176' title='bbox 2496 2467 2742 2522; x_wconf 87' lang='lat' dir='ltr'>certum</span> 
     </span>
     <span class='ocr_line' id='line_1_23' title="bbox 523 2555 2744 2647; baseline -0.001 -23"><span class='ocrx_word' id='word_1_177' title='bbox 523 2583 726 2647; x_wconf 87' lang='lat' dir='ltr'>genus</span> <span class='ocrx_word' id='word_1_178' title='bbox 769 2580 982 2623; x_wconf 89' lang='lat' dir='ltr'>rerum</span> <span class='ocrx_word' id='word_1_179' title='bbox 1001 2607 1019 2641; x_wconf 94' lang='lat'>,</span> <span class='ocrx_word' id='word_1_180' title='bbox 1059 2580 1226 2644; x_wconf 89' lang='lat' dir='ltr'>quae</span> <span class='ocrx_word' id='word_1_181' title='bbox 1270 2556 1666 2640; x_wconf 87' lang='lat' dir='ltr'>efficiantur,</span> <span class='ocrx_word' id='word_1_182' title='bbox 1711 2559 1856 2645; x_wconf 89' lang='lat' dir='ltr'>ipso</span> <span class='ocrx_word' id='word_1_183' title='bbox 1900 2557 2101 2622; x_wconf 89' lang='lat' dir='ltr'>verbo</span> <span class='ocrx_word' id='word_1_184' title='bbox 2145 2555 2465 2622; x_wconf 88' lang='lat' dir='ltr'>indicetur</span> <span class='ocrx_word' id='word_1_185' title='bbox 2480 2606 2499 2640; x_wconf 99' lang='lat'>,</span> <span class='ocrx_word' id='word_1_186' title='bbox 2538 2556 2744 2621; x_wconf 86' lang='lat' dir='ltr'>altera</span> 
     </span>
     <span class='ocr_line' id='line_1_24' title="bbox 522 2655 2744 2745; baseline -0.001 -22"><span class='ocrx_word' id='word_1_187' title='bbox 522 2668 737 2725; x_wconf 87' lang='lat' dir='ltr'>autem</span> <span class='ocrx_word' id='word_1_188' title='bbox 781 2681 864 2722; x_wconf 85' lang='lat' dir='ltr'>ex</span> <span class='ocrx_word' id='word_1_189' title='bbox 908 2667 1095 2745; x_wconf 90' lang='lat' dir='ltr'>parte</span> <span class='ocrx_word' id='word_1_190' title='bbox 1137 2657 1413 2736; x_wconf 89' lang='lat' dir='ltr'>nomine,</span> <span class='ocrx_word' id='word_1_191' title='bbox 1457 2657 1628 2745; x_wconf 92' lang='lat' dir='ltr'>quod</span> <span class='ocrx_word' id='word_1_192' title='bbox 1658 2658 2028 2723; x_wconf 88' lang='lat' dir='ltr'>accusativo</span> <span class='ocrx_word' id='word_1_193' title='bbox 2059 2679 2214 2721; x_wconf 91' lang='lat' dir='ltr'>casu</span> <span class='ocrx_word' id='word_1_194' title='bbox 2242 2655 2523 2740; x_wconf 84' lang='lat' dir='ltr'>additur,</span> <span class='ocrx_word' id='word_1_195' title='bbox 2568 2669 2744 2720; x_wconf 89' lang='lat' dir='ltr'>certa</span> 
     </span>
     <span class='ocr_line' id='line_1_25' title="bbox 525 2754 2740 2846; baseline -0.002 -23"><span class='ocrx_word' id='word_1_196' title='bbox 525 2761 664 2846; x_wconf 90' lang='lat' dir='ltr'>ejus</span> <span class='ocrx_word' id='word_1_197' title='bbox 705 2759 963 2843; x_wconf 86' lang='lat' dir='ltr'>generis</span> <span class='ocrx_word' id='word_1_198' title='bbox 1010 2779 1116 2821; x_wconf 89' lang='lat' dir='ltr'>res</span> <span class='ocrx_word' id='word_1_199' title='bbox 1158 2757 1575 2843; x_wconf 85' lang='lat' dir='ltr'>exprimatur.</span> <span class='ocrx_word' id='word_1_200' title='bbox 1654 2754 1794 2821; x_wconf 78' lang='lat' dir='ltr'>,Sed</span> <span class='ocrx_word' id='word_1_201' title='bbox 1840 2778 2017 2838; x_wconf 85' lang='lat' dir='ltr'>cave,</span> <span class='ocrx_word' id='word_1_202' title='bbox 2063 2779 2164 2839; x_wconf 89' lang='lat' dir='ltr'>ne,</span> <span class='ocrx_word' id='word_1_203' title='bbox 2210 2758 2263 2820; x_wconf 93' lang='lat' dir='ltr'>si</span> <span class='ocrx_word' id='word_1_204' title='bbox 2307 2756 2507 2820; x_wconf 88' lang='lat' dir='ltr'>verbo</span> <span class='ocrx_word' id='word_1_205' title='bbox 2552 2778 2740 2842; x_wconf 87' lang='lat' dir='ltr'>gene—</span> 
     </span>
     <span class='ocr_line' id='line_1_26' title="bbox 522 2848 2743 2943; baseline -0.002 -22"><span class='ocrx_word' id='word_1_206' title='bbox 522 2855 777 2939; x_wconf 88' lang='lat' dir='ltr'>raliori,</span> <span class='ocrx_word' id='word_1_207' title='bbox 840 2856 1016 2921; x_wconf 89' lang='lat' dir='ltr'>velut</span> <span class='ocrx_word' id='word_1_208' title='bbox 1052 2856 1203 2920; x_wconf 91' lang='lat' dir='ltr'>huic</span> <span class='ocrx_word' id='word_1_209' title='bbox 1243 2848 1587 2942; x_wconf 77' lang='grc' dir='ltr'><strong>ὑφαίνειν,</strong></span> <span class='ocrx_word' id='word_1_210' title='bbox 1654 2855 2030 2942; x_wconf 88' lang='lat' dir='ltr'>adjungitur</span> <span class='ocrx_word' id='word_1_211' title='bbox 2088 2855 2409 2943; x_wconf 88' lang='lat' dir='ltr'>objectum</span> <span class='ocrx_word' id='word_1_212' title='bbox 2463 2855 2743 2939; x_wconf 90' lang='lat' dir='ltr'>speciem</span> 
     </span>
     <span class='ocr_line' id='line_1_27' title="bbox 523 2949 2742 3045; baseline -0.001 -26"><span class='ocrx_word' id='word_1_213' title='bbox 523 2978 742 3020; x_wconf 90' lang='lat' dir='ltr'>rerum</span> <span class='ocrx_word' id='word_1_214' title='bbox 787 2954 1119 3045; x_wconf 81' lang='lat' dir='ltr'>denotans,</span> <span class='ocrx_word' id='word_1_215' title='bbox 1163 2955 1341 3020; x_wconf 89' lang='lat' dir='ltr'>velut</span> <span class='ocrx_word' id='word_1_216' title='bbox 1380 2949 1604 3039; x_wconf 71' lang='grc' dir='ltr'><strong>ἐσθής,</strong></span> <span class='ocrx_word' id='word_1_217' title='bbox 1649 2953 1772 3019; x_wconf 91' lang='lat' dir='ltr'>hoc</span> <span class='ocrx_word' id='word_1_218' title='bbox 1799 2976 1902 3017; x_wconf 86' lang='lat' dir='ltr'>me</span> <span class='ocrx_word' id='word_1_219' title='bbox 1930 2964 2118 3040; x_wconf 88' lang='lat' dir='ltr'>putes</span> <span class='ocrx_word' id='word_1_220' title='bbox 2147 2953 2389 3020; x_wconf 88' lang='lat' dir='ltr'>habere</span> <span class='ocrx_word' id='word_1_221' title='bbox 2419 2954 2742 3040; x_wconf 89' lang='lat' dir='ltr'>objectum</span> 
     </span>
     <span class='ocr_line' id='line_1_28' title="bbox 522 3054 2741 3142; baseline -0 -24"><span class='ocrx_word' id='word_1_222' title='bbox 522 3056 826 3137; x_wconf 84' lang='lat' dir='ltr'>interius3</span> <span class='ocrx_word' id='word_1_223' title='bbox 869 3054 1219 3142; x_wconf 86' lang='lat' dir='ltr'>respondet</span> <span class='ocrx_word' id='word_1_224' title='bbox 1261 3057 1428 3119; x_wconf 88' lang='lat' dir='ltr'>enim</span> <span class='ocrx_word' id='word_1_225' title='bbox 1473 3077 1730 3140; x_wconf 90' lang='lat' dir='ltr'>semper</span> <span class='ocrx_word' id='word_1_226' title='bbox 1770 3076 1974 3140; x_wconf 88' lang='lat' dir='ltr'>genus</span> <span class='ocrx_word' id='word_1_227' title='bbox 2013 3056 2271 3139; x_wconf 80' lang='lat' dir='ltr'>generi,</span> <span class='ocrx_word' id='word_1_228' title='bbox 2316 3054 2557 3141; x_wconf 90' lang='lat' dir='ltr'>speciei</span> <span class='ocrx_word' id='word_1_229' title='bbox 2601 3075 2741 3139; x_wconf 88' lang='lat' dir='ltr'>spe-</span> 
     </span>
     <span class='ocr_line' id='line_1_29' title="bbox 525 3152 2743 3239; baseline -0.001 -22"><span class='ocrx_word' id='word_1_230' title='bbox 525 3156 655 3219; x_wconf 91' lang='lat' dir='ltr'>cies</span> <span class='ocrx_word' id='word_1_231' title='bbox 682 3155 781 3231; x_wconf 78' lang='lat'>¹⁷).</span> <span class='ocrx_word' id='word_1_232' title='bbox 818 3154 1005 3219; x_wconf 89' lang='lat' dir='ltr'>Nunc</span> <span class='ocrx_word' id='word_1_233' title='bbox 1028 3156 1083 3218; x_wconf 93' lang='lat' dir='ltr'>si</span> <span class='ocrx_word' id='word_1_234' title='bbox 1113 3155 1198 3219; x_wconf 92' lang='lat' dir='ltr'>ad</span> <span class='ocrx_word' id='word_1_235' title='bbox 1228 3154 1513 3239; x_wconf 88' lang='lat' dir='ltr'>singulos</span> <span class='ocrx_word' id='word_1_236' title='bbox 1541 3154 1719 3219; x_wconf 77' lang='lat' dir='ltr'>locos</span> <span class='ocrx_word' id='word_1_237' title='bbox 1750 3155 2120 3237; x_wconf 89' lang='lat' dir='ltr'>transimus,</span> <span class='ocrx_word' id='word_1_238' title='bbox 2156 3153 2335 3218; x_wconf 87' lang='lat' dir='ltr'>nulla</span> <span class='ocrx_word' id='word_1_239' title='bbox 2360 3152 2743 3238; x_wconf 86' lang='lat' dir='ltr'>relinquitur</span> 
     </span>
     <span class='ocr_line' id='line_1_30' title="bbox 526 3251 2744 3342; baseline -0.002 -22"><span class='ocrx_word' id='word_1_240' title='bbox 526 3254 893 3321; x_wconf 69' lang='lat' dir='ltr'>difficultas</span> <span class='ocrx_word' id='word_1_241' title='bbox 977 3253 1322 3342; x_wconf 85' lang='lat' dir='ltr'>Exempla,</span> <span class='ocrx_word' id='word_1_242' title='bbox 1366 3276 1531 3342; x_wconf 86' lang='lat' dir='ltr'>quae</span> <span class='ocrx_word' id='word_1_243' title='bbox 1560 3254 1749 3318; x_wconf 79' lang='lat' dir='ltr'>affert</span> <span class='ocrx_word' id='word_1_244' title='bbox 1776 3252 2187 3319; x_wconf 84' lang='lat' dir='ltr'>Schwarzius</span> <span class='ocrx_word' id='word_1_245' title='bbox 2216 3254 2314 3337; x_wconf 67' lang='lat'>1²3),</span> <span class='ocrx_word' id='word_1_246' title='bbox 2360 3261 2589 3319; x_wconf 88' lang='lat' dir='ltr'>cuncta</span> <span class='ocrx_word' id='word_1_247' title='bbox 2618 3251 2744 3316; x_wconf 92' lang='lat' dir='ltr'>huc</span> 
     </span>
    </p>
   </div>
   <div class='ocr_carea' id='block_1_3' title="bbox 524 3452 2747 4033">
    <p class='ocr_par' dir='ltr' id='par_1_4' title="bbox 661 3452 1993 3527">
     <span class='ocr_line' id='line_1_31' title="bbox 661 3452 1993 3527; baseline -0.002 -18"><span class='ocrx_word' id='word_1_248' title='bbox 661 3457 742 3524; x_wconf 89' lang='lat'>17)</span> <span class='ocrx_word' id='word_1_249' title='bbox 788 3454 933 3509; x_wconf 82' lang='lat' dir='ltr'>conf.</span> <span class='ocrx_word' id='word_1_250' title='bbox 974 3452 1253 3527; x_wconf 79' lang='grc' dir='ltr'><strong><em>πράσσειν</em></strong></span> <span class='ocrx_word' id='word_1_251' title='bbox 1289 3457 1543 3526; x_wconf 79' lang='grc' dir='ltr'><strong>πρᾶγμα,</strong></span> <span class='ocrx_word' id='word_1_252' title='bbox 1581 3454 1745 3527; x_wconf 79' lang='grc' dir='ltr'><em>ἔργον</em></span> <span class='ocrx_word' id='word_1_253' title='bbox 1779 3453 1993 3508; x_wconf 83' lang='lat' dir='ltr'>similia.</span> 
     </span>
    </p>

    <p class='ocr_par' dir='ltr' id='par_1_5' title="bbox 524 3534 2747 4033">
     <span class='ocr_line' id='line_1_32' title="bbox 662 3534 2747 3608; baseline -0.003 -15"><span class='ocrx_word' id='word_1_254' title='bbox 662 3540 744 3607; x_wconf 87' lang='lat'>18)</span> <span class='ocrx_word' id='word_1_255' title='bbox 789 3538 1129 3605; x_wconf 86' lang='lat' dir='ltr'>Schwarz,</span> <span class='ocrx_word' id='word_1_256' title='bbox 1175 3537 1213 3591; x_wconf 95' lang='lat' dir='ltr'>l.</span> <span class='ocrx_word' id='word_1_257' title='bbox 1264 3554 1309 3593; x_wconf 87' lang='lat' dir='ltr'>c.</span> <span class='ocrx_word' id='word_1_258' title='bbox 1347 3553 1478 3608; x_wconf 87' lang='lat' dir='ltr'>pag.</span> <span class='ocrx_word' id='word_1_259' title='bbox 1525 3543 1557 3593; x_wconf 88' lang='grc'>4</span> <span class='ocrx_word' id='word_1_260' title='bbox 1613 3543 1746 3592; x_wconf 87' lang='lat' dir='ltr'>extr.</span> <span class='ocrx_word' id='word_1_261' title='bbox 1826 3538 1935 3592; x_wconf 86' lang='lat' dir='ltr'>Sed</span> <span class='ocrx_word' id='word_1_262' title='bbox 1980 3537 2182 3592; x_wconf 87' lang='lat' dir='ltr'>licetne</span> <span class='ocrx_word' id='word_1_263' title='bbox 2225 3552 2346 3590; x_wconf 89' lang='lat' dir='ltr'>eam</span> <span class='ocrx_word' id='word_1_264' title='bbox 2399 3534 2472 3588; x_wconf 90' lang='lat' dir='ltr'>ob</span> <span class='ocrx_word' id='word_1_265' title='bbox 2522 3549 2747 3587; x_wconf 88' lang='lat' dir='ltr'>causam</span> 
     </span>
     <span class='ocr_line' id='line_1_33' title="bbox 524 3614 2744 3694; baseline -0.004 -17"><span class='ocrx_word' id='word_1_266' title='bbox 524 3623 838 3677; x_wconf 88' lang='lat' dir='ltr'>nominibus</span> <span class='ocrx_word' id='word_1_267' title='bbox 882 3639 1090 3691; x_wconf 89' lang='lat' dir='ltr'>rerum,</span> <span class='ocrx_word' id='word_1_268' title='bbox 1148 3623 1251 3677; x_wconf 89' lang='lat' dir='ltr'>sub</span> <span class='ocrx_word' id='word_1_269' title='bbox 1299 3637 1491 3676; x_wconf 86' lang='lat' dir='ltr'>sensus</span> <span class='ocrx_word' id='word_1_270' title='bbox 1538 3640 1682 3694; x_wconf 87' lang='lat' dir='ltr'>quae</span> <span class='ocrx_word' id='word_1_271' title='bbox 1727 3623 1963 3690; x_wconf 89' lang='lat' dir='ltr'>cadunt,</span> <span class='ocrx_word' id='word_1_272' title='bbox 2008 3622 2191 3676; x_wconf 90' lang='lat' dir='ltr'>locum</span> <span class='ocrx_word' id='word_1_273' title='bbox 2248 3619 2416 3690; x_wconf 88' lang='lat' dir='ltr'>plane</span> <span class='ocrx_word' id='word_1_274' title='bbox 2461 3614 2744 3672; x_wconf 78' lang='lat' dir='ltr'>abnuere?</span> 
     </span>
     <span class='ocr_line' id='line_1_34' title="bbox 525 3702 2745 3778; baseline -0.003 -17"><span class='ocrx_word' id='word_1_275' title='bbox 525 3705 709 3772; x_wconf 79' lang='lat' dir='ltr'>Quid?</span> <span class='ocrx_word' id='word_1_276' title='bbox 759 3707 908 3778; x_wconf 89' lang='lat' dir='ltr'>quod</span> <span class='ocrx_word' id='word_1_277' title='bbox 943 3706 1215 3761; x_wconf 91' lang='lat' dir='ltr'>nonnulla</span> <span class='ocrx_word' id='word_1_278' title='bbox 1247 3707 1596 3761; x_wconf 86' lang='lat' dir='ltr'>substantiva</span> <span class='ocrx_word' id='word_1_279' title='bbox 1628 3724 1743 3761; x_wconf 89' lang='lat' dir='ltr'>rem</span> <span class='ocrx_word' id='word_1_280' title='bbox 1778 3708 1940 3761; x_wconf 91' lang='lat' dir='ltr'>modo</span> <span class='ocrx_word' id='word_1_281' title='bbox 1990 3707 2326 3759; x_wconf 84' lang='lat' dir='ltr'>abstractam</span> <span class='ocrx_word' id='word_1_282' title='bbox 2340 3743 2353 3770; x_wconf 90' lang='lat'>,</span> <span class='ocrx_word' id='word_1_283' title='bbox 2400 3702 2564 3756; x_wconf 90' lang='lat' dir='ltr'>modo</span> <span class='ocrx_word' id='word_1_284' title='bbox 2618 3718 2745 3755; x_wconf 91' lang='lat' dir='ltr'>con-</span> 
     </span>
     <span class='ocr_line' id='line_1_35' title="bbox 526 3787 2745 3862; baseline -0.003 -16"><span class='ocrx_word' id='word_1_285' title='bbox 526 3796 733 3846; x_wconf 87' lang='lat' dir='ltr'>cretam</span> <span class='ocrx_word' id='word_1_286' title='bbox 767 3788 1105 3862; x_wconf 80' lang='lat' dir='ltr'>designant?</span> <span class='ocrx_word' id='word_1_287' title='bbox 1174 3790 1321 3846; x_wconf 90' lang='lat' dir='ltr'>Num</span> <span class='ocrx_word' id='word_1_288' title='bbox 1353 3791 1526 3845; x_wconf 87' lang='lat' dir='ltr'>verba</span> <span class='ocrx_word' id='word_1_289' title='bbox 1563 3793 1774 3856; x_wconf 80' lang='grc' dir='ltr'><em>πλοκὴν</em></span> <span class='ocrx_word' id='word_1_290' title='bbox 1810 3790 2059 3860; x_wconf 84' lang='grc' dir='ltr'><strong><em>[πλοκὰς]</em></strong></span> <span class='ocrx_word' id='word_1_291' title='bbox 2101 3794 2346 3851; x_wconf 75' lang='grc' dir='ltr'>πλέκειν,</span> <span class='ocrx_word' id='word_1_292' title='bbox 2400 3787 2447 3839; x_wconf 91' lang='lat' dir='ltr'>si</span> <span class='ocrx_word' id='word_1_293' title='bbox 2492 3787 2745 3840; x_wconf 87' lang='lat' dir='ltr'>substan·</span> 
     </span>
     <span class='ocr_line' id='line_1_36' title="bbox 524 3869 2742 3945; baseline -0.004 -15"><span class='ocrx_word' id='word_1_294' title='bbox 524 3877 697 3930; x_wconf 85' lang='lat' dir='ltr'>tivum</span> <span class='ocrx_word' id='word_1_295' title='bbox 732 3873 907 3944; x_wconf 81' lang='grc' dir='ltr'><strong><em>πλοκή</em></strong></span> <span class='ocrx_word' id='word_1_296' title='bbox 945 3878 1243 3945; x_wconf 79' lang='lat' dir='ltr'>usurpatur</span> <span class='ocrx_word' id='word_1_297' title='bbox 1277 3874 1633 3942; x_wconf 87' lang='lat' dir='ltr'>abstractum,</span> <span class='ocrx_word' id='word_1_298' title='bbox 1665 3874 1925 3941; x_wconf 87' lang='lat' dir='ltr'>interiori,</span> <span class='ocrx_word' id='word_1_299' title='bbox 1972 3874 2058 3926; x_wconf 89' lang='lat' dir='ltr'>sin</span> <span class='ocrx_word' id='word_1_300' title='bbox 2093 3875 2425 3939; x_wconf 89' lang='lat' dir='ltr'>concretum,</span> <span class='ocrx_word' id='word_1_301' title='bbox 2471 3869 2742 3936; x_wconf 81' lang='lat' dir='ltr'>exteriori,</span> 
     </span>
     <span class='ocr_line' id='line_1_37' title="bbox 525 3956 1753 4033; baseline -0.005 -18"><span class='ocrx_word' id='word_1_302' title='bbox 525 3960 889 4033; x_wconf 86' lang='lat' dir='ltr'>quoddicitur,</span> <span class='ocrx_word' id='word_1_303' title='bbox 926 3960 1143 4032; x_wconf 89' lang='lat' dir='ltr'>objecto</span> <span class='ocrx_word' id='word_1_304' title='bbox 1181 3958 1546 4015; x_wconf 68' lang='lat' dir='ltr'>adscribenda</span> <span class='ocrx_word' id='word_1_305' title='bbox 1582 3956 1753 4012; x_wconf 79' lang='lat' dir='ltr'>sunt?</span> 
     </span>
    </p>
   </div>
  </div>
 </body>
</html>
