<?xml version="1.0" encoding="UTF-8"?>
<!DOCTYPE html PUBLIC "-//W3C//DTD XHTML 1.0 Transitional//EN"
    "http://www.w3.org/TR/xhtml1/DTD/xhtml1-transitional.dtd">
<html xmlns="http://www.w3.org/1999/xhtml" xml:lang="en" lang="en">
 <head>
  <title>
</title>
<meta http-equiv="Content-Type" content="text/html;charset=utf-8" />
  <meta name='ocr-system' content='tesseract 3.04.00' />
  <meta name='ocr-capabilities' content='ocr_page ocr_carea ocr_par ocr_line ocrx_word'/>
</head>
<body>
  <div class='ocr_page' id='page_1' title='image "./deobiectiquoddi01gngoog_0015.png"; bbox 0 0 3167 4550; ppageno 0'>
   <div class='ocr_carea' id='block_1_1' title="bbox 1504 321 1567 379">
    <p class='ocr_par' dir='ltr' id='par_1_1' title="bbox 1504 321 1567 379">
     <span class='ocr_line' id='line_1_1' title="bbox 1504 321 1567 379; baseline 0 0"><span class='ocrx_word' id='word_1_1' title='bbox 1504 321 1567 379; x_wconf 81' lang='grc'>11</span> 
     </span>
    </p>
   </div>
   <div class='ocr_carea' id='block_1_2' title="bbox 1466 502 1609 580">
    <p class='ocr_par' dir='ltr' id='par_1_2' title="bbox 1466 502 1609 580">
     <span class='ocr_line' id='line_1_2' title="bbox 1466 502 1609 580; baseline -0.028 -15"><span class='ocrx_word' id='word_1_2' title='bbox 1466 502 1609 580; x_wconf 61' lang='grc' dir='ltr'>ἐξ).</span> 
     </span>
    </p>
   </div>
   <div class='ocr_carea' id='block_1_3' title="bbox 331 630 2720 3112">
    <p class='ocr_par' dir='ltr' id='par_1_3' title="bbox 331 630 2720 3112">
     <span class='ocr_line' id='line_1_3' title="bbox 600 630 2650 720; baseline 0 -22"><span class='ocrx_word' id='word_1_3' title='bbox 600 630 679 698; x_wconf 81' lang='lat' dir='ltr'>Gr.</span> <span class='ocrx_word' id='word_1_4' title='bbox 726 632 987 697; x_wconf 84' lang='lat' dir='ltr'>Curtius</span> <span class='ocrx_word' id='word_1_5' title='bbox 1031 631 1269 718; x_wconf 91' lang='lat' dir='ltr'>objecti</span> <span class='ocrx_word' id='word_1_6' title='bbox 1312 632 1636 696; x_wconf 88' lang='lat' dir='ltr'>interioris</span> <span class='ocrx_word' id='word_1_7' title='bbox 1692 654 1879 695; x_wconf 86' lang='lat' dir='ltr'>usum</span> <span class='ocrx_word' id='word_1_8' title='bbox 1940 639 2246 719; x_wconf 91' lang='lat' dir='ltr'>quattuor</span> <span class='ocrx_word' id='word_1_9' title='bbox 2303 633 2371 695; x_wconf 90' lang='lat' dir='ltr'>in</span> <span class='ocrx_word' id='word_1_10' title='bbox 2431 643 2650 720; x_wconf 88' lang='lat' dir='ltr'>partes</span> 
     </span>
     <span class='ocr_line' id='line_1_4' title="bbox 433 730 2649 819; baseline 0 -22"><span class='ocrx_word' id='word_1_11' title='bbox 433 731 668 797; x_wconf 88' lang='lat' dir='ltr'>dividit</span> <span class='ocrx_word' id='word_1_12' title='bbox 690 734 786 810; x_wconf 74' lang='lat'>¹⁵),</span> <span class='ocrx_word' id='word_1_13' title='bbox 831 754 1103 819; x_wconf 88' lang='lat' dir='ltr'>quarum</span> <span class='ocrx_word' id='word_1_14' title='bbox 1147 732 1358 817; x_wconf 89' lang='lat' dir='ltr'>prima</span> <span class='ocrx_word' id='word_1_15' title='bbox 1401 731 1663 795; x_wconf 89' lang='lat' dir='ltr'>nomina</span> <span class='ocrx_word' id='word_1_16' title='bbox 1701 730 1918 795; x_wconf 88' lang='lat' dir='ltr'>verbis</span> <span class='ocrx_word' id='word_1_17' title='bbox 1962 732 2166 818; x_wconf 80' lang='lat' dir='ltr'>stirpe</span> <span class='ocrx_word' id='word_1_18' title='bbox 2210 741 2486 815; x_wconf 87' lang='lat' dir='ltr'>cognata</span> <span class='ocrx_word' id='word_1_19' title='bbox 2542 739 2649 816; x_wconf 90' lang='lat' dir='ltr'>(a),</span> 
     </span>
     <span class='ocr_line' id='line_1_5' title="bbox 433 829 2651 918; baseline 0 -22"><span class='ocrx_word' id='word_1_20' title='bbox 433 830 717 896; x_wconf 90' lang='lat' dir='ltr'>secunda</span> <span class='ocrx_word' id='word_1_21' title='bbox 759 831 848 909; x_wconf 77' lang='lat' dir='ltr'>(b)</span> <span class='ocrx_word' id='word_1_22' title='bbox 911 854 1275 918; x_wconf 89' lang='lat' dir='ltr'>synonyma</span> <span class='ocrx_word' id='word_1_23' title='bbox 1339 831 1638 895; x_wconf 88' lang='lat' dir='ltr'>continet.</span> <span class='ocrx_word' id='word_1_24' title='bbox 1740 829 2027 894; x_wconf 84' lang='lat' dir='ltr'>Tertiam</span> <span class='ocrx_word' id='word_1_25' title='bbox 2082 840 2335 917; x_wconf 91' lang='lat' dir='ltr'>partem</span> <span class='ocrx_word' id='word_1_26' title='bbox 2376 837 2458 908; x_wconf 92' lang='lat' dir='ltr'>(c)</span> <span class='ocrx_word' id='word_1_27' title='bbox 2520 841 2651 897; x_wconf 90' lang='lat' dir='ltr'>sta-</span> 
     </span>
     <span class='ocr_line' id='line_1_6' title="bbox 428 929 2649 1019; baseline 0 -24"><span class='ocrx_word' id='word_1_28' title='bbox 428 932 570 1012; x_wconf 82' lang='lat' dir='ltr'><strong>tuit,</strong></span> <span class='ocrx_word' id='word_1_29' title='bbox 614 929 981 1019; x_wconf 91' lang='lat' dir='ltr'>ubicunque</span> <span class='ocrx_word' id='word_1_30' title='bbox 1021 930 1341 1019; x_wconf 88' lang='lat' dir='ltr'>objectum</span> <span class='ocrx_word' id='word_1_31' title='bbox 1368 930 1638 995; x_wconf 87' lang='lat' dir='ltr'>verbum</span> <span class='ocrx_word' id='word_1_32' title='bbox 1671 931 2036 994; x_wconf 80' lang='lat' dir='ltr'><strong>accuratius</strong></span> <span class='ocrx_word' id='word_1_33' title='bbox 2068 929 2308 1005; x_wconf 91' lang='lat' dir='ltr'>definit,</span> <span class='ocrx_word' id='word_1_34' title='bbox 2355 940 2649 1018; x_wconf 83' lang='lat' dir='ltr'><strong>quartam</strong></span> 
     </span>
     <span class='ocr_line' id='line_1_7' title="bbox 429 1029 2651 1116; baseline 0.001 -22"><span class='ocrx_word' id='word_1_35' title='bbox 429 1029 542 1112; x_wconf 89' lang='lat' dir='ltr'>(d),</span> <span class='ocrx_word' id='word_1_36' title='bbox 601 1030 712 1095; x_wconf 90' lang='lat' dir='ltr'>ubi</span> <span class='ocrx_word' id='word_1_37' title='bbox 759 1031 1029 1095; x_wconf 88' lang='lat' dir='ltr'>actionis</span> <span class='ocrx_word' id='word_1_38' title='bbox 1072 1030 1273 1094; x_wconf 89' lang='lat' dir='ltr'>verbo</span> <span class='ocrx_word' id='word_1_39' title='bbox 1325 1051 1678 1116; x_wconf 83' lang='lat' dir='ltr'>expressae</span> <span class='ocrx_word' id='word_1_40' title='bbox 1734 1029 2025 1093; x_wconf 88' lang='lat' dir='ltr'>effectum</span> <span class='ocrx_word' id='word_1_41' title='bbox 2085 1029 2368 1096; x_wconf 90' lang='lat' dir='ltr'>denotat.</span> <span class='ocrx_word' id='word_1_42' title='bbox 2466 1030 2651 1096; x_wconf 88' lang='lat' dir='ltr'>Parti</span> 
     </span>
     <span class='ocr_line' id='line_1_8' title="bbox 427 1127 2648 1217; baseline -0 -22"><span class='ocrx_word' id='word_1_43' title='bbox 427 1131 628 1217; x_wconf 87' lang='lat' dir='ltr'>igitur</span> <span class='ocrx_word' id='word_1_44' title='bbox 670 1130 786 1195; x_wconf 90' lang='lat' dir='ltr'>sub</span> <span class='ocrx_word' id='word_1_45' title='bbox 833 1128 899 1207; x_wconf 90' lang='lat' dir='ltr'>d)</span> <span class='ocrx_word' id='word_1_46' title='bbox 944 1128 1201 1194; x_wconf 81' lang='lat' dir='ltr'>cadenti</span> <span class='ocrx_word' id='word_1_47' title='bbox 1244 1153 1399 1217; x_wconf 88' lang='lat' dir='ltr'>pars</span> <span class='ocrx_word' id='word_1_48' title='bbox 1448 1139 1527 1211; x_wconf 75' lang='lat' dir='ltr'>a),</span> <span class='ocrx_word' id='word_1_49' title='bbox 1569 1129 1681 1194; x_wconf 88' lang='lat' dir='ltr'>ubi</span> <span class='ocrx_word' id='word_1_50' title='bbox 1727 1129 2015 1214; x_wconf 78' lang='lat' dir='ltr'>originiS,</span> <span class='ocrx_word' id='word_1_51' title='bbox 2066 1138 2129 1192; x_wconf 89' lang='lat' dir='ltr'>et</span> <span class='ocrx_word' id='word_1_52' title='bbox 2168 1127 2235 1207; x_wconf 94' lang='lat' dir='ltr'>b)</span> <span class='ocrx_word' id='word_1_53' title='bbox 2279 1130 2648 1216; x_wconf 87' lang='lat' dir='ltr'>respondet,</span> 
     </span>
     <span class='ocr_line' id='line_1_9' title="bbox 429 1229 2650 1316; baseline -0 -21"><span class='ocrx_word' id='word_1_54' title='bbox 429 1229 542 1295; x_wconf 89' lang='lat' dir='ltr'>ubi</span> <span class='ocrx_word' id='word_1_55' title='bbox 582 1230 861 1295; x_wconf 90' lang='lat' dir='ltr'>notionis</span> <span class='ocrx_word' id='word_1_56' title='bbox 907 1229 1254 1295; x_wconf 88' lang='lat' dir='ltr'>similitudo</span> <span class='ocrx_word' id='word_1_57' title='bbox 1300 1231 1600 1294; x_wconf 88' lang='lat' dir='ltr'>cernitur.</span> <span class='ocrx_word' id='word_1_58' title='bbox 1682 1229 1882 1316; x_wconf 91' lang='lat' dir='ltr'><strong>Atqui</strong></span> <span class='ocrx_word' id='word_1_59' title='bbox 1946 1231 2403 1314; x_wconf 83' lang='lat' dir='ltr'>grammatices</span> <span class='ocrx_word' id='word_1_60' title='bbox 2462 1253 2650 1316; x_wconf 55' lang='lat' dir='ltr'>parae</span> 
     </span>
     <span class='ocr_line' id='line_1_10' title="bbox 428 1328 2648 1416; baseline 0.001 -23"><span class='ocrx_word' id='word_1_61' title='bbox 428 1329 683 1416; x_wconf 85' lang='lat' dir='ltr'>grapho</span> <span class='ocrx_word' id='word_1_62' title='bbox 728 1334 868 1410; x_wconf 81' lang='lat'>343,</span> <span class='ocrx_word' id='word_1_63' title='bbox 925 1328 1038 1394; x_wconf 88' lang='lat' dir='ltr'>ubi</span> <span class='ocrx_word' id='word_1_64' title='bbox 1092 1329 1171 1393; x_wconf 90' lang='lat' dir='ltr'>de</span> <span class='ocrx_word' id='word_1_65' title='bbox 1216 1329 1580 1394; x_wconf 87' lang='lat' dir='ltr'>nominibus</span> <span class='ocrx_word' id='word_1_66' title='bbox 1627 1329 1919 1393; x_wconf 89' lang='lat' dir='ltr'>effectum</span> <span class='ocrx_word' id='word_1_67' title='bbox 1964 1329 2234 1394; x_wconf 87' lang='lat' dir='ltr'>actionis</span> <span class='ocrx_word' id='word_1_68' title='bbox 2278 1329 2648 1395; x_wconf 89' lang='lat' dir='ltr'>notantibus</span> 
     </span>
     <span class='ocr_line' id='line_1_11' title="bbox 430 1428 2720 1516; baseline 0 -23"><span class='ocrx_word' id='word_1_69' title='bbox 430 1430 665 1513; x_wconf 89' lang='lat' dir='ltr'>agitur,</span> <span class='ocrx_word' id='word_1_70' title='bbox 710 1451 849 1493; x_wconf 91' lang='lat' dir='ltr'>cum</span> <span class='ocrx_word' id='word_1_71' title='bbox 898 1428 1028 1493; x_wconf 86' lang='lat' dir='ltr'>alia</span> <span class='ocrx_word' id='word_1_72' title='bbox 1070 1437 1205 1493; x_wconf 90' lang='lat' dir='ltr'>tum</span> <span class='ocrx_word' id='word_1_73' title='bbox 1232 1430 1509 1512; x_wconf 78' lang='grc' dir='ltr'><em>πρᾶγμα</em></span> <span class='ocrx_word' id='word_1_74' title='bbox 1539 1428 2010 1493; x_wconf 87' lang='lat' dir='ltr'>substantivum</span> <span class='ocrx_word' id='word_1_75' title='bbox 2046 1438 2476 1512; x_wconf 85' lang='lat' dir='ltr'>enumeratur,</span> <span class='ocrx_word' id='word_1_76' title='bbox 2523 1452 2648 1516; x_wconf 92' lang='lat' dir='ltr'>quo</span> <span class='ocrx_word' id='word_1_77' title='bbox 2713 1434 2720 1441; x_wconf 82' lang='grc'><strong><em>’</em></strong></span> 
     </span>
     <span class='ocr_line' id='line_1_12' title="bbox 428 1521 2647 1612; baseline 0 -19"><span class='ocrx_word' id='word_1_78' title='bbox 428 1529 719 1611; x_wconf 88' lang='lat' dir='ltr'>actionis,</span> <span class='ocrx_word' id='word_1_79' title='bbox 762 1529 882 1590; x_wconf 81' lang='grc' dir='ltr'>τοῦ</span> <span class='ocrx_word' id='word_1_80' title='bbox 924 1521 1374 1609; x_wconf 72' lang='grc' dir='ltr'><em>πράττεσθαι,</em></span> <span class='ocrx_word' id='word_1_81' title='bbox 1421 1529 1683 1593; x_wconf 88' lang='lat' dir='ltr'>effectus</span> <span class='ocrx_word' id='word_1_82' title='bbox 1697 1579 1715 1612; x_wconf 92' lang='lat'>,</span> <span class='ocrx_word' id='word_1_83' title='bbox 1773 1525 1851 1592; x_wconf 82' lang='grc' dir='ltr'>τὸ</span> <span class='ocrx_word' id='word_1_84' title='bbox 1910 1523 2412 1611; x_wconf 78' lang='grc' dir='ltr'><em>πεπραγμένον,</em></span> <span class='ocrx_word' id='word_1_85' title='bbox 2484 1527 2647 1594; x_wconf 90' lang='lat' dir='ltr'>desi-</span> 
     </span>
     <span class='ocr_line' id='line_1_13' title="bbox 427 1627 2649 1717; baseline 0 -26"><span class='ocrx_word' id='word_1_86' title='bbox 427 1640 680 1715; x_wconf 91' lang='lat' dir='ltr'>gnatur.</span> <span class='ocrx_word' id='word_1_87' title='bbox 729 1627 921 1707; x_wconf 81' lang='lat' dir='ltr'>Quod</span> <span class='ocrx_word' id='word_1_88' title='bbox 962 1629 1016 1693; x_wconf 90' lang='lat' dir='ltr'>si</span> <span class='ocrx_word' id='word_1_89' title='bbox 1060 1651 1205 1693; x_wconf 93' lang='lat' dir='ltr'>cum</span> <span class='ocrx_word' id='word_1_90' title='bbox 1247 1627 1449 1693; x_wconf 88' lang='lat' dir='ltr'>verbo</span> <span class='ocrx_word' id='word_1_91' title='bbox 1490 1637 1765 1713; x_wconf 91' lang='lat' dir='ltr'>cognato</span> <span class='ocrx_word' id='word_1_92' title='bbox 1799 1630 2245 1717; x_wconf 83' lang='lat' dir='ltr'>conjungimus</span> <span class='ocrx_word' id='word_1_93' title='bbox 2275 1630 2372 1712; x_wconf 74' lang='grc'>16),</span> <span class='ocrx_word' id='word_1_94' title='bbox 2417 1637 2481 1692; x_wconf 91' lang='lat' dir='ltr'>et</span> <span class='ocrx_word' id='word_1_95' title='bbox 2522 1630 2649 1716; x_wconf 90' lang='lat' dir='ltr'>pri-</span> 
     </span>
     <span class='ocr_line' id='line_1_14' title="bbox 429 1726 2649 1814; baseline -0 -21"><span class='ocrx_word' id='word_1_96' title='bbox 429 1751 574 1793; x_wconf 87' lang='lat' dir='ltr'>mae</span> <span class='ocrx_word' id='word_1_97' title='bbox 614 1737 676 1792; x_wconf 92' lang='lat' dir='ltr'>et</span> <span class='ocrx_word' id='word_1_98' title='bbox 720 1736 988 1814; x_wconf 89' lang='lat' dir='ltr'>quartae</span> <span class='ocrx_word' id='word_1_99' title='bbox 1035 1729 1239 1812; x_wconf 89' lang='lat' dir='ltr'>partis</span> <span class='ocrx_word' id='word_1_100' title='bbox 1282 1726 1648 1814; x_wconf 85' lang='lat' dir='ltr'>exemplum</span> <span class='ocrx_word' id='word_1_101' title='bbox 1693 1727 2007 1793; x_wconf 91' lang='lat' dir='ltr'>habemus</span> <span class='ocrx_word' id='word_1_102' title='bbox 2042 1730 2112 1794; x_wconf 90' lang='lat' dir='ltr'>in</span> <span class='ocrx_word' id='word_1_103' title='bbox 2142 1752 2270 1793; x_wconf 90' lang='lat' dir='ltr'>una</span> <span class='ocrx_word' id='word_1_104' title='bbox 2298 1728 2649 1814; x_wconf 88' lang='lat' dir='ltr'>eademque</span> 
     </span>
     <span class='ocr_line' id='line_1_15' title="bbox 430 1826 2646 1915; baseline 0.001 -25"><span class='ocrx_word' id='word_1_105' title='bbox 430 1827 919 1909; x_wconf 90' lang='lat' dir='ltr'>constructione,</span> <span class='ocrx_word' id='word_1_106' title='bbox 964 1826 1285 1892; x_wconf 85' lang='lat' dir='ltr'>secundae</span> <span class='ocrx_word' id='word_1_107' title='bbox 1328 1835 1390 1891; x_wconf 92' lang='lat' dir='ltr'>et</span> <span class='ocrx_word' id='word_1_108' title='bbox 1430 1837 1721 1915; x_wconf 88' lang='lat' dir='ltr'>quartae,</span> <span class='ocrx_word' id='word_1_109' title='bbox 1770 1829 1824 1893; x_wconf 87' lang='lat' dir='ltr'>si</span> <span class='ocrx_word' id='word_1_110' title='bbox 1865 1829 2142 1912; x_wconf 77' lang='grc' dir='ltr'><em>πρᾶγμα</em></span> <span class='ocrx_word' id='word_1_111' title='bbox 2186 1827 2379 1892; x_wconf 89' lang='lat' dir='ltr'>simili</span> <span class='ocrx_word' id='word_1_112' title='bbox 2423 1826 2646 1908; x_wconf 85' lang='lat' dir='ltr'>verb0,</span> 
     </span>
     <span class='ocr_line' id='line_1_16' title="bbox 426 1925 2646 2014; baseline -0 -22"><span class='ocrx_word' id='word_1_113' title='bbox 426 1926 605 1992; x_wconf 87' lang='lat' dir='ltr'>velut</span> <span class='ocrx_word' id='word_1_114' title='bbox 646 1927 898 2009; x_wconf 71' lang='grc' dir='ltr'><em>ποιεῖν,</em></span> <span class='ocrx_word' id='word_1_115' title='bbox 944 1925 1373 2014; x_wconf 88' lang='lat' dir='ltr'>adjungimus.</span> <span class='ocrx_word' id='word_1_116' title='bbox 1472 1927 1579 1991; x_wconf 88' lang='lat' dir='ltr'>Ex</span> <span class='ocrx_word' id='word_1_117' title='bbox 1632 1927 1733 1992; x_wconf 88' lang='lat' dir='ltr'>his</span> <span class='ocrx_word' id='word_1_118' title='bbox 1788 1951 1943 2013; x_wconf 87' lang='lat' dir='ltr'>ergo</span> <span class='ocrx_word' id='word_1_119' title='bbox 2001 1930 2315 2014; x_wconf 88' lang='lat' dir='ltr'>sequitur,</span> <span class='ocrx_word' id='word_1_120' title='bbox 2370 1936 2441 1991; x_wconf 91' lang='lat' dir='ltr'>ut</span> <span class='ocrx_word' id='word_1_121' title='bbox 2492 1950 2646 2014; x_wconf 90' lang='lat' dir='ltr'>pars</span> 
     </span>
     <span class='ocr_line' id='line_1_17' title="bbox 429 2024 2647 2115; baseline -0 -25"><span class='ocrx_word' id='word_1_122' title='bbox 429 2035 662 2114; x_wconf 86' lang='lat' dir='ltr'>quarta</span> <span class='ocrx_word' id='word_1_123' title='bbox 706 2027 1106 2091; x_wconf 89' lang='lat' dir='ltr'>contineatur</span> <span class='ocrx_word' id='word_1_124' title='bbox 1150 2037 1213 2091; x_wconf 92' lang='lat' dir='ltr'>et</span> <span class='ocrx_word' id='word_1_125' title='bbox 1258 2029 1472 2115; x_wconf 87' lang='lat' dir='ltr'>prima</span> <span class='ocrx_word' id='word_1_126' title='bbox 1515 2037 1578 2092; x_wconf 93' lang='lat' dir='ltr'>et</span> <span class='ocrx_word' id='word_1_127' title='bbox 1624 2027 1907 2093; x_wconf 89' lang='lat' dir='ltr'>secunda</span> <span class='ocrx_word' id='word_1_128' title='bbox 1941 2037 2145 2114; x_wconf 92' lang='lat' dir='ltr'>parte,</span> <span class='ocrx_word' id='word_1_129' title='bbox 2191 2035 2490 2108; x_wconf 86' lang='lat' dir='ltr'>ceterum,</span> <span class='ocrx_word' id='word_1_130' title='bbox 2536 2024 2647 2112; x_wconf 80' lang='lat' dir='ltr'>ubi</span> 
     </span>
     <span class='ocr_line' id='line_1_18' title="bbox 427 2126 2649 2215; baseline 0 -25"><span class='ocrx_word' id='word_1_131' title='bbox 427 2148 547 2190; x_wconf 90' lang='lat' dir='ltr'>nec</span> <span class='ocrx_word' id='word_1_132' title='bbox 591 2128 812 2213; x_wconf 92' lang='lat' dir='ltr'>stirpis</span> <span class='ocrx_word' id='word_1_133' title='bbox 866 2149 985 2191; x_wconf 90' lang='lat' dir='ltr'>nec</span> <span class='ocrx_word' id='word_1_134' title='bbox 1045 2127 1533 2212; x_wconf 90' lang='lat' dir='ltr'>significationis</span> <span class='ocrx_word' id='word_1_135' title='bbox 1590 2130 1886 2213; x_wconf 91' lang='lat' dir='ltr'>cognatio</span> <span class='ocrx_word' id='word_1_136' title='bbox 1946 2136 2190 2211; x_wconf 88' lang='lat' dir='ltr'>exstat,</span> <span class='ocrx_word' id='word_1_137' title='bbox 2255 2150 2399 2192; x_wconf 91' lang='lat' dir='ltr'>cum</span> <span class='ocrx_word' id='word_1_138' title='bbox 2455 2126 2649 2215; x_wconf 23' lang='lat' dir='ltr'>terti-a</span> 
     </span>
     <span class='ocr_line' id='line_1_19' title="bbox 331 2225 2649 2315; baseline 0.002 -30"><span class='ocrx_word' id='word_1_139' title='bbox 331 2281 335 2285; x_wconf 74' lang='grc'><strong>,</strong></span> <span class='ocrx_word' id='word_1_140' title='bbox 429 2227 511 2291; x_wconf 89' lang='lat' dir='ltr'>sit</span> <span class='ocrx_word' id='word_1_141' title='bbox 544 2225 1011 2315; x_wconf 87' lang='lat' dir='ltr'>conjungenda.</span> <span class='ocrx_word' id='word_1_142' title='bbox 1056 2226 1198 2292; x_wconf 88' lang='lat' dir='ltr'>Nisi</span> <span class='ocrx_word' id='word_1_143' title='bbox 1222 2228 1391 2298; x_wconf 89' lang='lat' dir='ltr'>enim</span> <span class='ocrx_word' id='word_1_144' title='bbox 1427 2228 1599 2315; x_wconf 89' lang='lat' dir='ltr'>parti</span> <span class='ocrx_word' id='word_1_145' title='bbox 1627 2226 1693 2305; x_wconf 89' lang='lat' dir='ltr'>d)</span> <span class='ocrx_word' id='word_1_146' title='bbox 1727 2237 1995 2314; x_wconf 88' lang='lat' dir='ltr'>utraque</span> <span class='ocrx_word' id='word_1_147' title='bbox 2019 2228 2318 2314; x_wconf 91' lang='lat' dir='ltr'>cognatio</span> <span class='ocrx_word' id='word_1_148' title='bbox 2350 2225 2549 2309; x_wconf 81' lang='lat' dir='ltr'>deest,</span> <span class='ocrx_word' id='word_1_149' title='bbox 2579 2226 2649 2291; x_wconf 90' lang='lat' dir='ltr'>in</span> 
     </span>
     <span class='ocr_line' id='line_1_20' title="bbox 429 2325 2647 2414; baseline -0 -23"><span class='ocrx_word' id='word_1_150' title='bbox 429 2326 651 2393; x_wconf 90' lang='lat' dir='ltr'>eodem</span> <span class='ocrx_word' id='word_1_151' title='bbox 697 2349 822 2414; x_wconf 91' lang='lat' dir='ltr'>quo</span> <span class='ocrx_word' id='word_1_152' title='bbox 868 2337 1115 2393; x_wconf 88' lang='lat' dir='ltr'>ceteras</span> <span class='ocrx_word' id='word_1_153' title='bbox 1158 2351 1423 2393; x_wconf 91' lang='lat' dir='ltr'>numero</span> <span class='ocrx_word' id='word_1_154' title='bbox 1466 2352 1611 2394; x_wconf 91' lang='lat' dir='ltr'>eam</span> <span class='ocrx_word' id='word_1_155' title='bbox 1655 2329 1897 2394; x_wconf 88' lang='lat' dir='ltr'>habere</span> <span class='ocrx_word' id='word_1_156' title='bbox 1938 2327 2261 2392; x_wconf 89' lang='lat' dir='ltr'>nonlicet.</span> <span class='ocrx_word' id='word_1_157' title='bbox 2325 2325 2647 2414; x_wconf 89' lang='lat' dir='ltr'>Equidem</span> 
     </span>
     <span class='ocr_line' id='line_1_21' title="bbox 431 2425 2646 2515; baseline -0 -24"><span class='ocrx_word' id='word_1_158' title='bbox 431 2426 668 2515; x_wconf 89' lang='lat' dir='ltr'>objecti</span> <span class='ocrx_word' id='word_1_159' title='bbox 740 2428 1066 2492; x_wconf 89' lang='lat' dir='ltr'>interioris</span> <span class='ocrx_word' id='word_1_160' title='bbox 1134 2450 1321 2492; x_wconf 91' lang='lat' dir='ltr'>usum</span> <span class='ocrx_word' id='word_1_161' title='bbox 1410 2427 1652 2514; x_wconf 91' lang='lat' dir='ltr'>duplici</span> <span class='ocrx_word' id='word_1_162' title='bbox 1718 2436 1965 2492; x_wconf 89' lang='lat' dir='ltr'>tantum</span> <span class='ocrx_word' id='word_1_163' title='bbox 2033 2426 2223 2492; x_wconf 91' lang='lat' dir='ltr'>modo</span> <span class='ocrx_word' id='word_1_164' title='bbox 2290 2425 2646 2512; x_wconf 87' lang='lat' dir='ltr'>distinguo:</span> 
     </span>
     <span class='ocr_line' id='line_1_22' title="bbox 427 2526 2645 2615; baseline -0 -24"><span class='ocrx_word' id='word_1_165' title='bbox 427 2535 618 2614; x_wconf 87' lang='lat' dir='ltr'>prout</span> <span class='ocrx_word' id='word_1_166' title='bbox 660 2526 981 2615; x_wconf 90' lang='lat' dir='ltr'>objectum</span> <span class='ocrx_word' id='word_1_167' title='bbox 1021 2526 1222 2592; x_wconf 88' lang='lat' dir='ltr'>verbo</span> <span class='ocrx_word' id='word_1_168' title='bbox 1263 2536 1375 2592; x_wconf 89' lang='lat' dir='ltr'>aut</span> <span class='ocrx_word' id='word_1_169' title='bbox 1414 2536 1760 2613; x_wconf 90' lang='lat' dir='ltr'>cognatum</span> <span class='ocrx_word' id='word_1_170' title='bbox 1805 2536 1901 2591; x_wconf 88' lang='lat' dir='ltr'>est</span> <span class='ocrx_word' id='word_1_171' title='bbox 1943 2535 2053 2591; x_wconf 91' lang='lat' dir='ltr'>aut</span> <span class='ocrx_word' id='word_1_172' title='bbox 2080 2549 2210 2592; x_wconf 90' lang='lat' dir='ltr'>non</span> <span class='ocrx_word' id='word_1_173' title='bbox 2239 2534 2352 2592; x_wconf 87' lang='lat' dir='ltr'>est.</span> <span class='ocrx_word' id='word_1_174' title='bbox 2409 2526 2645 2606; x_wconf 81' lang='lat' dir='ltr'>Quam-</span> 
     </span>
     <span class='ocr_line' id='line_1_23' title="bbox 426 2625 2645 2714; baseline -0.001 -23"><span class='ocrx_word' id='word_1_175' title='bbox 426 2628 527 2691; x_wconf 89' lang='lat' dir='ltr'>vis</span> <span class='ocrx_word' id='word_1_176' title='bbox 573 2627 740 2691; x_wconf 90' lang='lat' dir='ltr'>enim</span> <span class='ocrx_word' id='word_1_177' title='bbox 796 2627 976 2713; x_wconf 93' lang='lat' dir='ltr'>prior</span> <span class='ocrx_word' id='word_1_178' title='bbox 1037 2648 1194 2713; x_wconf 88' lang='lat' dir='ltr'>pars</span> <span class='ocrx_word' id='word_1_179' title='bbox 1257 2650 1326 2691; x_wconf 90' lang='lat' dir='ltr'>re</span> <span class='ocrx_word' id='word_1_180' title='bbox 1386 2648 1545 2691; x_wconf 88' lang='lat' dir='ltr'>vera</span> <span class='ocrx_word' id='word_1_181' title='bbox 1600 2625 1915 2714; x_wconf 88' lang='lat' dir='ltr'>bipartita</span> <span class='ocrx_word' id='word_1_182' title='bbox 1976 2627 2092 2711; x_wconf 87' lang='lat' dir='ltr'>sit,</span> <span class='ocrx_word' id='word_1_183' title='bbox 2157 2626 2645 2713; x_wconf 89' lang='lat' dir='ltr'>significationis</span> 
     </span>
     <span class='ocr_line' id='line_1_24' title="bbox 428 2726 2645 2814; baseline 0 -24"><span class='ocrx_word' id='word_1_184' title='bbox 428 2736 642 2791; x_wconf 90' lang='lat' dir='ltr'>tamen</span> <span class='ocrx_word' id='word_1_185' title='bbox 698 2726 1117 2790; x_wconf 89' lang='lat' dir='ltr'>similitudine</span> <span class='ocrx_word' id='word_1_186' title='bbox 1180 2727 1607 2814; x_wconf 85' lang='lat' dir='ltr'>conjungitur,</span> <span class='ocrx_word' id='word_1_187' title='bbox 1663 2749 1892 2812; x_wconf 91' lang='lat' dir='ltr'>quare,</span> <span class='ocrx_word' id='word_1_188' title='bbox 1934 2728 2317 2813; x_wconf 87' lang='lat' dir='ltr'>praesertim</span> <span class='ocrx_word' id='word_1_189' title='bbox 2358 2733 2430 2791; x_wconf 93' lang='lat' dir='ltr'>ut</span> <span class='ocrx_word' id='word_1_190' title='bbox 2472 2726 2645 2791; x_wconf 89' lang='lat' dir='ltr'>simi-</span> 
     </span>
     <span class='ocr_line' id='line_1_25' title="bbox 423 2824 2644 2913; baseline 0 -24"><span class='ocrx_word' id='word_1_191' title='bbox 423 2825 518 2890; x_wconf 90' lang='lat' dir='ltr'>les</span> <span class='ocrx_word' id='word_1_192' title='bbox 561 2824 1027 2890; x_wconf 84' lang='lat' dir='ltr'>vocabulorum</span> <span class='ocrx_word' id='word_1_193' title='bbox 1081 2827 1559 2913; x_wconf 88' lang='lat' dir='ltr'>conjunctiones</span> <span class='ocrx_word' id='word_1_194' title='bbox 1619 2825 1846 2890; x_wconf 88' lang='lat' dir='ltr'>melius</span> <span class='ocrx_word' id='word_1_195' title='bbox 1906 2826 2417 2913; x_wconf 88' lang='lat' dir='ltr'>perspiciantur,</span> <span class='ocrx_word' id='word_1_196' title='bbox 2472 2835 2644 2891; x_wconf 91' lang='lat' dir='ltr'>utra-</span> 
     </span>
     <span class='ocr_line' id='line_1_26' title="bbox 427 2923 2646 3015; baseline 0 -26"><span class='ocrx_word' id='word_1_197' title='bbox 427 2948 550 3013; x_wconf 93' lang='lat' dir='ltr'>que</span> <span class='ocrx_word' id='word_1_198' title='bbox 594 2923 892 3011; x_wconf 84' lang='lat' dir='ltr'>exempla</span> <span class='ocrx_word' id='word_1_199' title='bbox 946 2927 1244 2991; x_wconf 92' lang='lat' dir='ltr'>continuo</span> <span class='ocrx_word' id='word_1_200' title='bbox 1299 2947 1643 3012; x_wconf 90' lang='lat' dir='ltr'>ponemus,</span> <span class='ocrx_word' id='word_1_201' title='bbox 1700 2935 2153 3012; x_wconf 88' lang='lat' dir='ltr'>praeterquam</span> <span class='ocrx_word' id='word_1_202' title='bbox 2218 2925 2418 3014; x_wconf 92' lang='lat' dir='ltr'>quod,</span> <span class='ocrx_word' id='word_1_203' title='bbox 2481 2948 2646 3015; x_wconf 90' lang='lat' dir='ltr'>quae</span> 
     </span>
     <span class='ocr_line' id='line_1_27' title="bbox 429 3025 1967 3112; baseline 0.002 -23"><span class='ocrx_word' id='word_1_204' title='bbox 429 3027 631 3112; x_wconf 88' lang='lat' dir='ltr'>stirpe</span> <span class='ocrx_word' id='word_1_205' title='bbox 675 3033 954 3110; x_wconf 89' lang='lat' dir='ltr'>cognata</span> <span class='ocrx_word' id='word_1_206' title='bbox 998 3034 1169 3107; x_wconf 82' lang='lat' dir='ltr'>sunt,</span> <span class='ocrx_word' id='word_1_207' title='bbox 1209 3026 1535 3090; x_wconf 88' lang='lat' dir='ltr'>asteriscis</span> <span class='ocrx_word' id='word_1_208' title='bbox 1578 3025 1967 3093; x_wconf 77' lang='lat' dir='ltr'>notabimus,</span> 
     </span>
    </p>
   </div>
   <div class='ocr_carea' id='block_1_4' title="bbox 1458 3178 1600 3256">
    <p class='ocr_par' dir='ltr' id='par_1_4' title="bbox 1458 3178 1600 3256">
     <span class='ocr_line' id='line_1_28' title="bbox 1458 3178 1600 3256; baseline 0.014 -17"><span class='ocrx_word' id='word_1_209' title='bbox 1458 3178 1600 3256; x_wconf 65' lang='lat' dir='ltr'>gs.</span> 
     </span>
    </p>
   </div>
   <div class='ocr_carea' id='block_1_5' title="bbox 424 3305 2644 3793">
    <p class='ocr_par' dir='ltr' id='par_1_5' title="bbox 424 3305 2644 3793">
     <span class='ocr_line' id='line_1_29' title="bbox 587 3305 2642 3395; baseline 0 -23"><span class='ocrx_word' id='word_1_210' title='bbox 587 3308 775 3372; x_wconf 90' lang='lat' dir='ltr'>Nunc</span> <span class='ocrx_word' id='word_1_211' title='bbox 820 3305 904 3370; x_wconf 89' lang='lat' dir='ltr'>ad</span> <span class='ocrx_word' id='word_1_212' title='bbox 957 3307 1250 3388; x_wconf 88' lang='lat' dir='ltr'>nomina,</span> <span class='ocrx_word' id='word_1_213' title='bbox 1314 3330 1479 3395; x_wconf 89' lang='lat' dir='ltr'>quae</span> <span class='ocrx_word' id='word_1_214' title='bbox 1535 3306 1840 3374; x_wconf 90' lang='lat' dir='ltr'>dicuntur</span> <span class='ocrx_word' id='word_1_215' title='bbox 1884 3317 2188 3375; x_wconf 86' lang='lat' dir='ltr'>concreta</span> <span class='ocrx_word' id='word_1_216' title='bbox 2239 3316 2309 3371; x_wconf 91' lang='lat' dir='ltr'>ut</span> <span class='ocrx_word' id='word_1_217' title='bbox 2348 3328 2453 3371; x_wconf 90' lang='lat' dir='ltr'>me</span> <span class='ocrx_word' id='word_1_218' title='bbox 2495 3328 2642 3372; x_wconf 80' lang='lat' dir='ltr'>con-</span> 
     </span>
     <span class='ocr_line' id='line_1_30' title="bbox 425 3406 2642 3494; baseline -0.001 -22"><span class='ocrx_word' id='word_1_219' title='bbox 425 3416 670 3472; x_wconf 91' lang='lat' dir='ltr'>vertam</span> <span class='ocrx_word' id='word_1_220' title='bbox 692 3456 709 3488; x_wconf 92' lang='lat'>,</span> <span class='ocrx_word' id='word_1_221' title='bbox 758 3414 941 3487; x_wconf 85' lang='lat' dir='ltr'>sunt,</span> <span class='ocrx_word' id='word_1_222' title='bbox 988 3407 1099 3492; x_wconf 92' lang='lat' dir='ltr'>qui</span> <span class='ocrx_word' id='word_1_223' title='bbox 1145 3407 1227 3470; x_wconf 87' lang='lat' dir='ltr'>ab</span> <span class='ocrx_word' id='word_1_224' title='bbox 1273 3406 1524 3494; x_wconf 90' lang='lat' dir='ltr'>objecto</span> <span class='ocrx_word' id='word_1_225' title='bbox 1567 3409 1874 3473; x_wconf 89' lang='lat' dir='ltr'>interiore</span> <span class='ocrx_word' id='word_1_226' title='bbox 1917 3430 1995 3472; x_wconf 88' lang='lat' dir='ltr'>ea</span> <span class='ocrx_word' id='word_1_227' title='bbox 2035 3407 2228 3494; x_wconf 89' lang='lat' dir='ltr'>plane</span> <span class='ocrx_word' id='word_1_228' title='bbox 2270 3406 2642 3488; x_wconf 83' lang='lat' dir='ltr'>excludant,</span> 
     </span>
     <span class='ocr_line' id='line_1_31' title="bbox 424 3503 2644 3595; baseline 0.001 -25"><span class='ocrx_word' id='word_1_229' title='bbox 424 3506 594 3593; x_wconf 90' lang='lat' dir='ltr'>quod</span> <span class='ocrx_word' id='word_1_230' title='bbox 637 3503 959 3595; x_wconf 91' lang='lat' dir='ltr'>quomodo</span> <span class='ocrx_word' id='word_1_231' title='bbox 1017 3504 1160 3569; x_wconf 88' lang='lat' dir='ltr'>fieri</span> <span class='ocrx_word' id='word_1_232' title='bbox 1213 3508 1421 3592; x_wconf 86' lang='lat' dir='ltr'>possit</span> <span class='ocrx_word' id='word_1_233' title='bbox 1478 3530 1609 3571; x_wconf 91' lang='lat' dir='ltr'>non</span> <span class='ocrx_word' id='word_1_234' title='bbox 1665 3506 1975 3592; x_wconf 88' lang='lat' dir='ltr'>intelligo.</span> <span class='ocrx_word' id='word_1_235' title='bbox 2072 3505 2445 3572; x_wconf 84' lang='lat' dir='ltr'>Wunderus</span> <span class='ocrx_word' id='word_1_236' title='bbox 2502 3505 2544 3573; x_wconf 92' lang='lat' dir='ltr'>l.</span> <span class='ocrx_word' id='word_1_237' title='bbox 2590 3528 2644 3573; x_wconf 84' lang='lat' dir='ltr'>c.</span> 
     </span>
     <span class='ocr_line' id='line_1_32' title="bbox 424 3603 2644 3695; baseline 0.001 -23"><span class='ocrx_word' id='word_1_238' title='bbox 424 3609 564 3672; x_wconf 90' lang='lat' dir='ltr'>sine</span> <span class='ocrx_word' id='word_1_239' title='bbox 607 3606 736 3671; x_wconf 91' lang='lat' dir='ltr'>ulla</span> <span class='ocrx_word' id='word_1_240' title='bbox 781 3603 1181 3670; x_wconf 88' lang='lat' dir='ltr'>dubitatione</span> <span class='ocrx_word' id='word_1_241' title='bbox 1226 3628 1369 3671; x_wconf 92' lang='lat' dir='ltr'>eam</span> <span class='ocrx_word' id='word_1_242' title='bbox 1410 3608 1478 3670; x_wconf 90' lang='lat' dir='ltr'>in</span> <span class='ocrx_word' id='word_1_243' title='bbox 1522 3617 1772 3693; x_wconf 90' lang='lat' dir='ltr'>partem</span> <span class='ocrx_word' id='word_1_244' title='bbox 1819 3606 1957 3672; x_wconf 89' lang='lat' dir='ltr'>abit</span> <span class='ocrx_word' id='word_1_245' title='bbox 2021 3607 2399 3694; x_wconf 88' lang='lat' dir='ltr'>quaestione</span> <span class='ocrx_word' id='word_1_246' title='bbox 2456 3610 2644 3695; x_wconf 83' lang='lat' dir='ltr'>quasi</span> 
     </span>
     <span class='ocr_line' id='line_1_33' title="bbox 424 3703 2642 3793; baseline 0.001 -23"><span class='ocrx_word' id='word_1_247' title='bbox 424 3704 749 3793; x_wconf 86' lang='lat' dir='ltr'>expedita,</span> <span class='ocrx_word' id='word_1_248' title='bbox 793 3703 1066 3770; x_wconf 85' lang='lat' dir='ltr'>tacendo</span> <span class='ocrx_word' id='word_1_249' title='bbox 1111 3728 1300 3793; x_wconf 90' lang='lat' dir='ltr'>quem</span> <span class='ocrx_word' id='word_1_250' title='bbox 1348 3705 1757 3772; x_wconf 86' lang='lat' dir='ltr'>Schwarzius</span> <span class='ocrx_word' id='word_1_251' title='bbox 1803 3706 1982 3792; x_wconf 91' lang='lat' dir='ltr'>sequi</span> <span class='ocrx_word' id='word_1_252' title='bbox 2022 3703 2302 3773; x_wconf 87' lang='lat' dir='ltr'>videtur.</span> <span class='ocrx_word' id='word_1_253' title='bbox 2385 3704 2642 3773; x_wconf 84' lang='lat' dir='ltr'>Kolste·</span> 
     </span>
    </p>
   </div>
   <div class='ocr_carea' id='block_1_6' title="bbox 1339 399 1758 413">
    <p class='ocr_par' dir='ltr' id='par_1_6' title="bbox 1339 399 1758 413">
     <span class='ocr_line' id='line_1_34' title="bbox 1339 399 1758 413; baseline 0 4137"><span class='ocrx_word' id='word_1_254' title='bbox 1339 399 1758 413; x_wconf 95' lang='lat' dir='ltr'> </span> 
     </span>
    </p>
   </div>
   <div class='ocr_carea' id='block_1_7' title="bbox 418 3839 836 3858">
    <p class='ocr_par' dir='ltr' id='par_1_7' title="bbox 418 3839 836 3858">
     <span class='ocr_line' id='line_1_35' title="bbox 418 3839 836 3858; baseline 0 692"><span class='ocrx_word' id='word_1_255' title='bbox 418 3839 836 3858; x_wconf 95' lang='lat' dir='ltr'> </span> 
     </span>
    </p>
   </div>
   <div class='ocr_carea' id='block_1_8' title="bbox 559 3887 2337 4049">
    <p class='ocr_par' dir='ltr' id='par_1_8' title="bbox 559 3887 2337 4049">
     <span class='ocr_line' id='line_1_36' title="bbox 559 3887 1500 3960; baseline 0.001 -17"><span class='ocrx_word' id='word_1_256' title='bbox 559 3890 642 3957; x_wconf 88' lang='grc'>15)</span> <span class='ocrx_word' id='word_1_257' title='bbox 687 3888 990 3955; x_wconf 85' lang='lat' dir='ltr'>Curtius,</span> <span class='ocrx_word' id='word_1_258' title='bbox 1027 3887 1278 3960; x_wconf 85' lang='lat' dir='ltr'>Schulgr.</span> <span class='ocrx_word' id='word_1_259' title='bbox 1317 3895 1348 3956; x_wconf 66' lang='grc' dir='ltr'>ξ</span> <span class='ocrx_word' id='word_1_260' title='bbox 1382 3894 1500 3946; x_wconf 83' lang='grc'><strong>400.</strong></span> 
     </span>
     <span class='ocr_line' id='line_1_37' title="bbox 559 3971 2337 4049; baseline 0.002 -22"><span class='ocrx_word' id='word_1_261' title='bbox 559 3975 640 4041; x_wconf 89' lang='grc'>16)</span> <span class='ocrx_word' id='word_1_262' title='bbox 682 3971 1022 4029; x_wconf 81' lang='lat' dir='ltr'>Demosth.</span> <span class='ocrx_word' id='word_1_263' title='bbox 1060 3991 1115 4046; x_wconf 88' lang='lat' dir='ltr'>p.</span> <span class='ocrx_word' id='word_1_264' title='bbox 1153 3972 1277 4029; x_wconf 84' lang='lat' dir='ltr'>Cor.</span> <span class='ocrx_word' id='word_1_265' title='bbox 1317 3977 1435 4044; x_wconf 87' lang='lat'>231,</span> <span class='ocrx_word' id='word_1_266' title='bbox 1468 3977 1536 4029; x_wconf 87' lang='grc'>24</span> <span class='ocrx_word' id='word_1_267' title='bbox 1571 3977 1815 4049; x_wconf 78' lang='grc' dir='ltr'><em>πρᾶγμα</em></span> <span class='ocrx_word' id='word_1_268' title='bbox 1850 3973 2337 4045; x_wconf 74' lang='grc' dir='ltr'>διαπράττεσθαι.</span> 
     </span>
    </p>
   </div>
  </div>
 </body>
</html>
